@Manual{,
    title = {rgdal: Bindings for the Geospatial Data Abstraction Library},
    author = {Roger Bivand and Tim Keitt and Barry Rowlingson},
    year = {2017},
    note = {R package version 1.2-7},
    url = {https://CRAN.R-project.org/package=rgdal},
}
