@article{abadie2005semiparametric,
  title = {Semiparametric {{Difference-in-Differences Estimators}}},
  author = {Abadie, Alberto},
  date = {2005},
  journaltitle = {The Review of Economic Studies},
  shortjournal = {Rev. Econ. Stud.},
  volume = {72},
  number = {1},
  eprint = {3700681},
  eprinttype = {jstor},
  pages = {1--19},
  publisher = {{[Oxford University Press, The Review of Economic Studies, Ltd.]}},
  issn = {0034-6527},
  url = {https://www.jstor.org/stable/3700681},
  urldate = {2024-01-23}
}
% == BibLateX quality report for abadie2005semiparametric:
% Unexpected field 'publisher'
% ? Title looks like it was stored in title-case in Zotero

@article{adams.etal2003healthy,
  title = {Healthy, Wealthy, and Wise? {{Tests}} for Direct Causal Paths between Health and Socioeconomic Status},
  shorttitle = {Healthy, Wealthy, and Wise?},
  author = {Adams, Peter and Hurd, Michael D. and McFadden, Daniel and Merrill, Angela and Ribeiro, Tiago},
  date = {2003-01},
  journaltitle = {Journal of Econometrics},
  shortjournal = {Journal of Econometrics},
  volume = {112},
  number = {1},
  pages = {3--56},
  issn = {03044076},
  doi = {10.1016/S0304-4076(02)00145-8},
  langid = {english},
  file = {/home/avila/Zotero/storage/N644MBFS/Adams et al. - 2003 - Healthy, wealthy, and wise Tests for direct causa.pdf}
}
% == BibLateX quality report for adams.etal2003healthy:
% ? unused Library catalog ("DOI.org (Crossref)")
% ? unused Url ("https://linkinghub.elsevier.com/retrieve/pii/S0304407602001458")

@article{adams2003a,
  title = {Healthy, Wealthy, and Wise? {{Tests}} for Direct Causal Paths between Health and Socioeconomic Status},
  shorttitle = {Healthy, Wealthy, and Wise?},
  author = {Adams, Peter and Hurd, Michael and McFadden, Daniel and Merrill, Angela and Ribeiro, Tiago},
  date = {2003},
  journaltitle = {Journal of Econometrics},
  shortjournal = {J. Econom.},
  volume = {112},
  number = {1},
  pages = {3--56},
  issn = {0304-4076},
  url = {https://econpapers.repec.org/article/eeeeconom/v_3a112_3ay_3a2003_3ai_3a1_3ap_3a3-56.htm},
  urldate = {2023-09-07}
}
% == BibLateX quality report for adams2003a:
% ? unused Library catalog ("RePEc - Econpapers")

@article{ahn.etal2018scoring,
  title = {Scoring {{Mental Health Quality}} of {{Life With}} the {{SF-36}} in {{Patients With}} and {{Without Diabetes Foot Complications}}},
  author = {Ahn, Junho and Del Core, Michael A. and Wukich, Dane K. and Liu, George T. and Lalli, Trapper and VanPelt, Michael D. and La Fontaine, Javier and Lavery, Lawrence A. and Raspovic, Katherine M.},
  date = {2018-03},
  journaltitle = {The International Journal of Lower Extremity Wounds},
  shortjournal = {Int J Low Extrem Wounds},
  volume = {17},
  number = {1},
  eprint = {29546783},
  eprinttype = {pmid},
  pages = {30--35},
  issn = {1552-6941},
  doi = {10.1177/1534734618762226},
  langid = {english},
  keywords = {Aged,chronic wounds,clinical signs and symptoms score,Diabetic Foot,diabetic foot ulcers,diagnosis,Female,Health Status Indicators,health-related quality of life assessments,Humans,lower extremity wound,Male,Mental Health,Middle Aged,Prospective Studies,Psychometrics,Quality of Life,Severity of Illness Index,Surveys and Questionnaires,wound assessment},
  file = {/home/avila/Zotero/storage/WTB4Y72S/Ahn et al. - 2018 - Scoring Mental Health Quality .pdf}
}
% == BibLateX quality report for ahn.etal2018scoring:
% ? Title looks like it was stored in title-case in Zotero
% ? unused Library catalog ("PubMed")

@article{allison1990,
  title = {Change {{Scores}} as {{Dependent Variables}} in {{Regression Analysis}}},
  author = {Allison, Paul D.},
  date = {1990},
  journaltitle = {Sociological Methodology},
  shortjournal = {Sociol. Methodol.},
  volume = {20},
  eprint = {271083},
  eprinttype = {jstor},
  pages = {93--114},
  publisher = {{[American Sociological Association, Wiley, Sage Publications, Inc.]}},
  issn = {0081-1750},
  doi = {10.2307/271083},
  file = {/home/avila/Zotero/storage/PAM54TZ9/Allison - 1990 - Change Scores as Dependent Variables in Regression.pdf}
}
% == BibLateX quality report for allison1990:
% Unexpected field 'publisher'
% ? Title looks like it was stored in title-case in Zotero
% ? unused Url ("https://www.jstor.org/stable/271083")

@article{ambrasat2011,
  title = {Comparing the {{Predictive Power}} of {{Subjective}} and {{Objective Health Indicators}}: {{Changes}} in {{Handgrip Strength}} and {{Overall Satisfaction}} with {{Life}} as {{Predictors}} of {{Mortality}}},
  shorttitle = {Comparing the {{Predictive Power}} of {{Subjective}} and {{Objective Health Indicators}}},
  author = {Ambrasat, Jens and Schupp, Jürgen and Wagner, Gert G.},
  date = {2011},
  journaltitle = {SSRN Electronic Journal},
  shortjournal = {SSRN Journal},
  issn = {1556-5068},
  doi = {10.2139/ssrn.1923027},
  langid = {english},
  annotation = {7 citations (Crossref) [2021-05-07]},
  file = {/home/avila/Zotero/storage/NCLUTHWU/Ambrasat_et_al_2011_Comparing_the_Predictive_Power_of_Subjective_and_Objective_Health_Indicators.pdf}
}
% == BibLateX quality report for ambrasat2011:
% ? Title looks like it was stored in title-case in Zotero
% ? unused Library catalog ("DOI.org (Crossref)")
% ? unused Url ("http://www.ssrn.com/abstract=1923027")

@article{andersen.etal2007computation,
  title = {Computation of {{Standard Values}} for {{Physical}} and {{Mental Health Scale Scores Using}} the {{SOEP Version}} of {{SF-12v2}}},
  author = {Andersen, Hanfried H and Mühlbacher, Axel and Nübling, Matthias and Schupp, Jürgen and Wagner, Gert G},
  date = {2007},
  journaltitle = {Schmollers Jahrbuch},
  shortjournal = {Schmollers Jahrbuch},
  pages = {171--182},
  langid = {english},
  file = {/home/avila/Zotero/storage/H74A9CG5/Andersen et al. - 2007 - Computation of Standard Values.pdf}
}
% == BibLateX quality report for andersen.etal2007computation:
% ? Title looks like it was stored in title-case in Zotero
% ? unused Library catalog ("Zotero")

@online{arkhangelsky.imbens2023causal,
  title = {Causal {{Models}} for {{Longitudinal}} and {{Panel Data}}: {{A Survey}}},
  shorttitle = {Causal {{Models}} for {{Longitudinal}} and {{Panel Data}}},
  author = {Arkhangelsky, Dmitry and Imbens, Guido},
  date = {2023-11-26},
  eprint = {2311.15458},
  eprinttype = {arxiv},
  eprintclass = {econ},
  url = {http://arxiv.org/abs/2311.15458},
  urldate = {2023-11-29},
  pubstate = {preprint},
  keywords = {Economics - Econometrics},
  file = {/home/avila/Zotero/storage/3SB49MAZ/Arkhangelsky and Imbens - 2023 - Causal Models for Longitudinal and Panel Data A S.pdf;/home/avila/Zotero/storage/4MMKZL9R/2311.html}
}
% == BibLateX quality report for arkhangelsky.imbens2023causal:
% ? Title looks like it was stored in title-case in Zotero
% ? unused Number ("arXiv:2311.15458")

@article{beckmannshagen.koenig2022out,
  title = {Out for {{Good}}: {{Labor Market Effects}} of {{Transitory}} and {{Persistent Health Shocks}}},
  shorttitle = {Out for {{Good}}},
  author = {Beckmannshagen, Mattis and Koenig, Johannes},
  date = {2022},
  journaltitle = {SSRN Electronic Journal},
  shortjournal = {SSRN Journal},
  issn = {1556-5068},
  doi = {10.2139/ssrn.4036482},
  langid = {english},
  file = {/home/avila/Zotero/storage/FJHJX49E/Beckmannshagen and Koenig - 2022 - Out for Good Labor Market Effects of Transitory a.pdf}
}
% == BibLateX quality report for beckmannshagen.koenig2022out:
% ? Title looks like it was stored in title-case in Zotero
% ? unused Library catalog ("DOI.org (Crossref)")
% ? unused Url ("https://www.ssrn.com/abstract=4036482")

@book{berkman.etal2014social,
  title = {Social Epidemiology},
  editor = {Berkman, Lisa F. and Kawachi, Ichirō and Glymour, M. Maria},
  date = {2014},
  edition = {Second edition},
  publisher = {{Oxford University Press}},
  location = {{Oxford}},
  isbn = {978-0-19-537790-3},
  langid = {english},
  pagetotal = {615},
  keywords = {Epidemiology,Health Status Disparities,Public Policy,Social aspects,Social medicine,Social Medicine},
  file = {/home/avila/Zotero/storage/ZNMN3AXF/Berkman et al. - 2014 - Social epidemiology.pdf}
}
% == BibLateX quality report for berkman.etal2014social:
% Missing required field 'author'
% ? unused Call number ("RA418 .S64228 2014")
% ? unused Library catalog ("Library of Congress ISBN")

@online{berlin,
  type = {Text},
  title = {DIW Berlin: Does More Education Protect against Mental Health Problems?},
  shorttitle = {DIW Berlin},
  author = {Berlin, D. I. W.},
  publisher = {{DIW Berlin}},
  url = {https://www.diw.de/de/diw_01.c.565301.de/publikationen/roundup/2017_0113/does_more_education_protect_against_mental_health_problems.html},
  urldate = {2021-09-03},
  langid = {ngerman}
}
% == BibLateX quality report for berlin:
% Unexpected field 'type'
% Unexpected field 'publisher'
% Exactly one of 'date' / 'year' must be present
% ? Title looks like it was stored in title-case in Zotero

@report{blundell.etal2016dynamic,
  type = {Working Paper},
  title = {The {{Dynamic Effects}} of {{Health}} on the {{Employment}} of {{Older Workers}}},
  author = {Blundell, Richard and Britton, Jack and Costa Dias, Monica and French, Eric},
  date = {2016-09},
  institution = {{Michigan Retirement Research Center, University of Michigan, P.O. Box 1248, Ann Arbor, MI 48104}},
  url = {http://deepblue.lib.umich.edu/handle/2027.42/134680},
  urldate = {2022-07-22},
  langid = {american},
  annotation = {Accepted: 2016-12-05T18:09:09Z},
  file = {/home/avila/Zotero/storage/WGYDSHJW/Blundell_et_al_2016_The_Dynamic_Effects_of_Health_on_the_Employment_of_Older_Workers.pdf;/home/avila/Zotero/storage/AB6JFEY6/134680.html}
}
% == BibLateX quality report for blundell.etal2016dynamic:
% ? Title looks like it was stored in title-case in Zotero
% ? unused Journal abbreviation ("WP 2016-348")
% ? unused Library catalog ("deepblue.lib.umich.edu")

@article{bollen1991,
  title = {Conventional Wisdom on Measurement: {{A}} Structural Equation Perspective},
  shorttitle = {Conventional Wisdom on Measurement},
  author = {Bollen, Kenneth and Lennox, Richard},
  date = {1991},
  journaltitle = {Psychological Bulletin},
  shortjournal = {Psychol. Bull.},
  volume = {110},
  pages = {305--314},
  publisher = {{American Psychological Association}},
  location = {{US}},
  issn = {1939-1455},
  doi = {10.1037/0033-2909.110.2.305},
  keywords = {Statistical Measurement,Statistical Validity},
  file = {/home/avila/Zotero/storage/MWALN4FH/Bollen and Lennox - 1991 - Conventional wisdom on measurement A structural e.pdf;/home/avila/Zotero/storage/ZMNVNCRD/doiLanding.html}
}
% == BibLateX quality report for bollen1991:
% Unexpected field 'publisher'
% Unexpected field 'location'
% ? unused Library catalog ("APA PsycNet")

@online{borusyak.etal2022revisiting,
  type = {SSRN Scholarly Paper},
  title = {Revisiting {{Event Study Designs}}: {{Robust}} and {{Efficient Estimation}}},
  shorttitle = {Revisiting {{Event Study Designs}}},
  author = {Borusyak, Kirill and Jaravel, Xavier and Spiess, Jann},
  date = {2022-04-19},
  number = {2826228},
  location = {{Rochester, NY}},
  doi = {10.2139/ssrn.2826228},
  langid = {english},
  pubstate = {preprint},
  keywords = {COMPARE,Difference-in-differences,Event study,Imputation estimator,Panel data},
  file = {/home/avila/Zotero/storage/JFBQEKCX/Borusyak et al. - 2022 - Revisiting Event Study Designs.pdf}
}
% == BibLateX quality report for borusyak.etal2022revisiting:
% Unexpected field 'type'
% Unexpected field 'number'
% Unexpected field 'location'
% ? Title looks like it was stored in title-case in Zotero
% ? unused Library catalog ("Social Science Research Network")
% ? unused Url ("https://papers.ssrn.com/abstract=2826228")

@online{borusyak.etal2024revisiting,
  title = {Revisiting {{Event Study Designs}}: {{Robust}} and {{Efficient Estimation}}},
  shorttitle = {Revisiting {{Event Study Designs}}},
  author = {Borusyak, Kirill and Jaravel, Xavier and Spiess, Jann},
  date = {2024-01},
  eprint = {2108.12419v5},
  eprinttype = {arxiv},
  eprintclass = {econ},
  doi = {10.48550/arXiv.2108.12419},
  pubstate = {preprint},
  version = {5},
  keywords = {COMPARE,Economics - Econometrics},
  file = {/home/avila/Zotero/storage/J66YXFXT/Borusyak et al. - 2024 - Revisiting Event Study Designs.pdf}
}
% == BibLateX quality report for borusyak.etal2024revisiting:
% ? Title looks like it was stored in title-case in Zotero
% ? unused DOI ("https://doi.org/10.48550/arXiv.2108.12419")
% ? unused Number ("arXiv:2108.12419v5")

@article{britton.french2020health,
  title = {Health and {{Employment}} amongst {{Older Workers}}*: {{Health}} and Employment amongst Older Workers},
  shorttitle = {Health and {{Employment}} amongst {{Older Workers}}*},
  author = {Britton, Jack and French, Eric},
  date = {2020-03},
  journaltitle = {Fiscal Studies},
  shortjournal = {Fiscal Studies},
  volume = {41},
  number = {1},
  pages = {221--250},
  issn = {01435671},
  doi = {10.1111/1475-5890.12213},
  langid = {english},
  annotation = {0 citations (Crossref) [2021-08-09]},
  file = {/home/avila/Zotero/storage/JP83GCYR/Britton and French - 2020 - Health and Employment amongst Older Workers Heal.pdf}
}
% == BibLateX quality report for britton.french2020health:
% ? unused Library catalog ("DOI.org (Crossref)")
% ? unused Url ("https://onlinelibrary.wiley.com/doi/10.1111/1475-5890.12213")

@article{brockmanntime,
  title = {Time {{Allocation}} along the {{Net Wealth Distribution}} - {{How}} Do {{Millionaires}} Spend Their {{Time}}?},
  author = {Brockmann, Paul Moritz},
  langid = {english},
  file = {/home/avila/Zotero/storage/ZX7BJIVC/Brockmann - Time Allocation along the Net .pdf}
}
% == BibLateX quality report for brockmanntime:
% Exactly one of 'date' / 'year' must be present
% Missing required field 'journaltitle'
% ? unused Library catalog ("Zotero")

@book{brulé.suter2019wealth,
  title = {Wealth(s) and {{Subjective Well-Being}}},
  editor = {Brulé, Gaël and Suter, Christian},
  date = {2019},
  series = {Social {{Indicators Research Series}}},
  volume = {76},
  publisher = {{Springer International Publishing}},
  location = {{Cham}},
  doi = {10.1007/978-3-030-05535-6},
  isbn = {978-3-030-05534-9},
  langid = {english},
  file = {/home/avila/Zotero/storage/ZP5EUJ4Z/Brulé and Suter - 2019 - Wealth(s) and Subjective Well-Being.pdf}
}
% == BibLateX quality report for brulé.suter2019wealth:
% Missing required field 'author'
% ? Title looks like it was stored in title-case in Zotero
% ? unused Library catalog ("DOI.org (Crossref)")
% ? unused Url ("http://link.springer.com/10.1007/978-3-030-05535-6")

@online{brynjolfsson.etal2023generative,
  type = {Working Paper},
  title = {Generative {{AI}} at {{Work}}},
  author = {Brynjolfsson, Erik and Li, Danielle and Raymond, Lindsey R.},
  date = {2023-04},
  series = {Working {{Paper Series}}},
  number = {31161},
  eprint = {31161},
  eprinttype = {National Bureau of Economic Research},
  doi = {10.3386/w31161},
  pubstate = {preprint},
  file = {/home/avila/Zotero/storage/V6YIS8DV/Brynjolfsson et al. - 2023 - Generative AI at Work.pdf}
}
% == BibLateX quality report for brynjolfsson.etal2023generative:
% Unexpected field 'type'
% Unexpected field 'series'
% Unexpected field 'number'
% ? Title looks like it was stored in title-case in Zotero
% ? unused Url ("https://www.nber.org/papers/w31161")

@online{callaway.etal2021didcont,
  title = {Difference-in-{{Differences}} with a {{Continuous Treatment}}},
  author = {Callaway, Brantly and Goodman-Bacon, Andrew and Sant'Anna, Pedro H. C.},
  date = {2021},
  doi = {10.48550/ARXIV.2107.02637},
  pubstate = {preprint},
  version = {4},
  keywords = {Econometrics (econ.EM),FOS: Economics and business},
  file = {/home/avila/Zotero/storage/KASHA4WT/Callaway et al. - 2021 - Difference-in-Differences with.pdf}
}
% == BibLateX quality report for callaway.etal2021didcont:
% ? Title looks like it was stored in title-case in Zotero
% ? unused Library catalog ("DOI.org (Datacite)")
% ? unused Publisher ("arXiv")
% ? unused Url ("https://arxiv.org/abs/2107.02637")

@online{callaway.etal2024eventstudies,
  type = {Working Paper},
  title = {Event-{{Studies}} with a {{Continuous Treatment}}},
  author = {Callaway, Brantly and Goodman-Bacon, Andrew and Sant'Anna, Pedro H. C.},
  date = {2024-02},
  series = {Working {{Paper Series}}},
  number = {32118},
  eprint = {32118},
  eprinttype = {NBER},
  doi = {10.3386/w32118},
  pubstate = {preprint}
}
% == BibLateX quality report for callaway.etal2024eventstudies:
% Unexpected field 'type'
% Unexpected field 'series'
% Unexpected field 'number'
% ? Title looks like it was stored in title-case in Zotero
% ? unused Library catalog ("National Bureau of Economic Research")
% ? unused Url ("https://www.nber.org/papers/w32118")

@article{capatina2015lifecycle,
  title = {Life-Cycle Effects of Health Risk},
  author = {Capatina, Elena},
  date = {2015-09},
  journaltitle = {Journal of Monetary Economics},
  shortjournal = {Journal of Monetary Economics},
  volume = {74},
  pages = {67--88},
  issn = {03043932},
  doi = {10.1016/j.jmoneco.2015.06.002},
  langid = {english},
  keywords = {tocite},
  file = {/home/avila/Zotero/storage/6SNMED2Y/Capatina - 2015 - Life-cycle effects of health risk.pdf}
}
% == BibLateX quality report for capatina2015lifecycle:
% ? unused Library catalog ("DOI.org (Crossref)")
% ? unused Url ("https://linkinghub.elsevier.com/retrieve/pii/S030439321500063X")

@article{case.deaton2005broken,
  title = {Broken {{Down}} by {{Work}} and {{Sex}}: {{How Our Health Declines}}},
  shorttitle = {Broken {{Down}} by {{Work}} and {{Sex}}},
  author = {Case, Anne and Deaton, Angus S.},
  date = {2005},
  journaltitle = {NBER Chapters},
  pages = {185--212},
  publisher = {{National Bureau of Economic Research, Inc}},
  url = {https://ideas.repec.org//h/nbr/nberch/10361.html},
  urldate = {2024-02-06},
  langid = {english},
  file = {/home/avila/Zotero/storage/B8QPLPYQ/Case and Deaton - 2005 - Broken Down by Work and Sex H.pdf;/home/avila/Zotero/storage/524GGYGV/10361.html}
}
% == BibLateX quality report for case.deaton2005broken:
% Unexpected field 'publisher'
% ? Title looks like it was stored in title-case in Zotero
% ? unused Library catalog ("ideas.repec.org")

@article{castro-schilo2018,
  title = {Using Residualized Change versus Difference Scores for Longitudinal Research},
  author = {Castro-Schilo, Laura and Grimm, Kevin J.},
  date = {2018-01-01},
  journaltitle = {Journal of Social and Personal Relationships},
  shortjournal = {J. Soc. Pers. Relatsh.},
  volume = {35},
  number = {1},
  pages = {32--58},
  publisher = {{SAGE Publications Ltd}},
  issn = {0265-4075},
  doi = {10.1177/0265407517718387},
  langid = {english}
}
% == BibLateX quality report for castro-schilo2018:
% Unexpected field 'publisher'
% ? unused Library catalog ("SAGE Journals")
% ? unused Url ("https://doi.org/10.1177/0265407517718387")

@online{chen.roth2023logs,
  title = {Logs with Zeros? {{Some}} Problems and Solutions},
  shorttitle = {Logs with Zeros?},
  author = {Chen, Jiafeng and Roth, Jonathan},
  date = {2023-11},
  eprint = {2212.06080v7},
  eprinttype = {arxiv},
  doi = {10.48550/arXiv.2212.06080},
  pubstate = {preprint},
  version = {7},
  keywords = {COMPARE,Economics - Econometrics,Statistics - Methodology},
  file = {/home/avila/Zotero/storage/28YHPXPL/Chen and Roth - 2023 - Logs with zeros Some problems.pdf;/home/avila/Zotero/storage/QETPXVQP/2212.html}
}
% == BibLateX quality report for chen.roth2023logs:
% ? unused DOI ("https://doi.org/10.48550/arXiv.2212.06080")
% ? unused Number ("arXiv:2212.06080v7")
% ? unused Url ("arxiv.org/abs/2212.06080")

@article{chetty.etal2016association,
  title = {The {{Association Between Income}} and {{Life Expectancy}} in the {{United States}}, 2001-2014},
  author = {Chetty, Raj and Stepner, Michael and Abraham, Sarah and Lin, Shelby and Scuderi, Benjamin and Turner, Nicholas and Bergeron, Augustin and Cutler, David},
  date = {2016-04-26},
  journaltitle = {JAMA},
  shortjournal = {JAMA},
  volume = {315},
  number = {16},
  eprint = {27063997},
  eprinttype = {pmid},
  pages = {1750--1766},
  issn = {1538-3598},
  doi = {10.1001/jama.2016.4226},
  langid = {english},
  pmcid = {PMC4866586},
  keywords = {tocite},
  annotation = {924 citations (Crossref) [2021-11-10]},
  file = {/home/avila/Zotero/storage/UZ3K8G55/Chetty_etal_2016_The_Association_Between.pdf}
}
% == BibLateX quality report for chetty.etal2016association:
% Unexpected field 'pmcid'
% ? Title looks like it was stored in title-case in Zotero
% ? unused Library catalog ("PubMed")

@online{chl2010answera,
  title = {Answer to "{{On}} the Use of Oblique Rotation after {{PCA}}"},
  author = {{chl}},
  date = {2010-09-16},
  url = {https://stats.stackexchange.com/a/2745},
  urldate = {2023-12-08},
  organization = {{Cross Validated}},
  file = {/home/avila/Zotero/storage/ZFB38ZEU/on-the-use-of-oblique-rotation-after-pca.html}
}

@article{christensen.etal2013validation,
  title = {Validation of the 12 {{Item Short}} Form {{Health Survey}} in a {{Sample}} from {{Region Central Jutland}}},
  author = {Christensen, Louise Næser and Ehlers, Lars and Larsen, Finn Breinholt and Jensen, Morten Berg},
  date = {2013},
  journaltitle = {Social Indicators Research},
  shortjournal = {Soc. Indic. Res.},
  volume = {114},
  number = {2},
  eprint = {24720261},
  eprinttype = {jstor},
  pages = {513--521},
  publisher = {{Springer}},
  issn = {0303-8300},
  url = {https://www.jstor.org/stable/24720261},
  urldate = {2024-02-03}
}
% == BibLateX quality report for christensen.etal2013validation:
% Unexpected field 'publisher'

@article{conti.etal2010educationhealth,
  title = {{{THE EDUCATION-HEALTH GRADIENT}}},
  author = {Conti, Gabriella and Heckman, James and Urzua, Sergio},
  date = {2010-05},
  journaltitle = {The American economic review},
  shortjournal = {Am Econ Rev},
  volume = {100},
  number = {2},
  eprint = {24741117},
  eprinttype = {pmid},
  pages = {234--238},
  issn = {0002-8282},
  doi = {10.1257/aer.100.2.234},
  pmcid = {PMC3985402},
  file = {/home/avila/Zotero/storage/LAQC2ESD/Conti et al. - 2010 - THE EDUCATION-HEALTH GRADIENT.pdf}
}
% == BibLateX quality report for conti.etal2010educationhealth:
% Unexpected field 'pmcid'
% ? Title looks like it was stored in title-case in Zotero
% ? unused Library catalog ("PubMed Central")
% ? unused Url ("https://www.ncbi.nlm.nih.gov/pmc/articles/PMC3985402/")

@software{correia2023reghdfe,
  title = {{{REGHDFE}}: {{Stata}} Module to Perform Linear or Instrumental-Variable Regression Absorbing Any Number of High-Dimensional Fixed Effects},
  shorttitle = {{{REGHDFE}}},
  author = {Correia, Sergio},
  date = {2023-08-21},
  url = {https://ideas.repec.org//c/boc/bocode/s457874.html},
  version = {6.12.3},
  keywords = {fixed effects,high dimension fixed effects,instrumental variables,regression,software,Stata},
  file = {/home/avila/Zotero/storage/YSBPXP2T/s457874.html}
}

@article{cs2021did_mtp,
  title = {Difference-in-{{Differences}} with Multiple Time Periods},
  author = {Callaway, Brantly and Sant'Anna, Pedro H. C.},
  date = {2021-12},
  journaltitle = {Journal of Econometrics},
  shortjournal = {Journal of Econometrics},
  volume = {225},
  number = {2},
  pages = {200--230},
  issn = {03044076},
  doi = {10.1016/j.jeconom.2020.12.001},
  langid = {english},
  file = {/home/avila/Zotero/storage/DHZTJPSC/Callaway and Sant’Anna - 2021 - Difference-in-Differences with multiple time perio.pdf;/home/avila/Zotero/storage/JQN6ENVW/Callaway and Sant’Anna - 2021 - Difference-in-Differences with.pdf}
}
% == BibLateX quality report for cs2021did_mtp:
% ? unused Library catalog ("DOI.org (Crossref)")
% ? unused Url ("https://linkinghub.elsevier.com/retrieve/pii/S0304407620303948")

@report{cutler2008,
  title = {Socioeconomic {{Status}} and {{Health}}: {{Dimensions}} and {{Mechanisms}}},
  shorttitle = {Socioeconomic {{Status}} and {{Health}}},
  author = {Cutler, David and Lleras-Muney, Adriana and Vogl, Tom},
  date = {2008-09},
  number = {w14333},
  pages = {w14333},
  institution = {{National Bureau of Economic Research}},
  location = {{Cambridge, MA}},
  doi = {10.3386/w14333},
  langid = {english},
  file = {/home/avila/Zotero/storage/I7U2ZZRZ/Cutler_Lleras-Muney_Vogl_2008_Socioeconomic_Status_and.pdf}
}
% == BibLateX quality report for cutler2008:
% Missing required field 'type'
% ? Title looks like it was stored in title-case in Zotero
% ? unused Library catalog ("DOI.org (Crossref)")
% ? unused Url ("http://www.nber.org/papers/w14333.pdf")

@inbook{cutler2011,
  title = {Socioeconomic {{Status}} and {{Health}}: {{Dimensions}} and {{Mechanisms}}},
  shorttitle = {Socioeconomic {{Status}} and {{Health}}},
  booktitle = {The {{Oxford Handbook}} of {{Health Economics}}},
  author = {Cutler, David M. and Lleras-Muney, Adriana and Vogl, Tom},
  editor = {Glied, Sherry and Smith, Peter C.},
  date = {2011-04-07},
  pages = {123--163},
  publisher = {{Oxford University Press}},
  doi = {10.1093/oxfordhb/9780199238828.013.0007},
  bookauthor = {Cutler, David M. and Lleras-Muney, Adriana and Vogl, Tom},
  isbn = {978-0-19-923882-8},
  langid = {english},
  file = {/home/avila/Zotero/storage/R767L6UD/Cutler et al. - 2011 - Socioeconomic Status and Health Dimensions and Me.pdf}
}
% == BibLateX quality report for cutler2011:
% ? Title looks like it was stored in title-case in Zotero
% ? unused Library catalog ("DOI.org (Crossref)")
% ? unused Url ("http://oxfordhandbooks.com/view/10.1093/oxfordhb/9780199238828.001.0001/oxfordhb-9780199238828-e-7")

@thesis{danielgraeber2021,
  title = {Vier {{Aufsätze}} Zu Den Sozioökonomischen {{Ursachen}} Und {{Folgen}} Der Individuellen {{Gesundheit}} Sowie Der Öffentlichen {{GesundheitskrisenFour}} Essays on the Socio-Economic Causes and Consequences of Individual Health as Well as Public Health Crises},
  author = {{Daniel Graeber}},
  date = {2021},
  pages = {11838 KB, XIV, 249 pages},
  institution = {{Universität Potsdam}},
  doi = {10.25932/PUBLISHUP-51517},
  langid = {english},
  keywords = {300 Sozialwissenschaften},
  file = {/home/avila/Zotero/storage/ZDH4R8IW/Graeber, Daniel - 2021 - Vier Aufsätze zu den sozioökonomischen Ursachen un.pdf}
}
% == BibLateX quality report for danielgraeber2021:
% Missing required field 'type'
% ? unused Library catalog ("DOI.org (Datacite)")
% ? unused Medium ("application/pdf")
% ? unused Url ("https://publishup.uni-potsdam.de/51517")

@online{danielgraeber2023,
  title = {Intergenerational {{Health Mobility}} in {{Germany}}},
  author = {{Daniel Graeber}},
  date = {2023},
  number = {IZA DP No. 16567},
  eprinttype = {IZA DISCUSSION PAPER SERIES},
  pubstate = {preprint},
  keywords = {10000 Social Sciences,10200 Sociology,10208 Sociology of Education,10700 Psychology,10900 Economics,11003 Social Security,Arbeit und Betrieb,Beruf,Big Five,Culture,Economy,Education,Einkommen,Empirical educational research,Empirische Bildungsforschung,Erziehung und Schulwesen,Familie,Family,FOS: Political science,FOS: Psychology,FOS: Sociology,Freizeit,Gesellschaft und Kultur,Income,Leisure,Occupation,Ökonomie,Political Attitudes and Behavior,Political Science,Politikwissenschaft,Politische Einstellungen und Verhaltensweisen,Profession,Psychologie,Psychology,Religion und Weltanschauung,School Systems,Society,Sociology,Soziologie,Work and Industry,Zufriedenheit},
  file = {/home/avila/Zotero/storage/RYJCA66I/Daniel Graeber - 2023 - Intergenerational Health Mobility in Germany.pdf}
}
% == BibLateX quality report for danielgraeber2023:
% Unexpected field 'number'
% At least one of 'url' / 'doi' / 'eprint' must be present
% ? Title looks like it was stored in title-case in Zotero

@article{daw.hatfield2018matching,
  title = {Matching and {{Regression}} to the {{Mean}} in {{Difference-in-Differences Analysis}}},
  author = {Daw, Jamie R. and Hatfield, Laura A.},
  date = {2018},
  journaltitle = {Health Services Research},
  shortjournal = {Health Serv. Res.},
  volume = {53},
  number = {6},
  pages = {4138--4156},
  issn = {1475-6773},
  doi = {10.1111/1475-6773.12993},
  langid = {english},
  keywords = {difference-in-differences,matching,Observational research,tocite},
  file = {/home/avila/Zotero/storage/DBVQFJ9N/Daw and Hatfield - 2018 - Matching and Regression to the.pdf;/home/avila/Zotero/storage/2U38ZZZQ/1475-6773.html}
}
% == BibLateX quality report for daw.hatfield2018matching:
% ? Title looks like it was stored in title-case in Zotero
% ? unused extra: _eprint ("https://onlinelibrary.wiley.com/doi/pdf/10.1111/1475-6773.12993")
% ? unused Library catalog ("Wiley Online Library")
% ? unused Url ("https://onlinelibrary.wiley.com/doi/abs/10.1111/1475-6773.12993")

@article{deaton2002policy,
  title = {Policy {{Implications Of The Gradient Of Health And Wealth}}},
  author = {Deaton, Angus},
  date = {2002-03},
  journaltitle = {Health Affairs},
  shortjournal = {Health Affairs},
  volume = {21},
  number = {2},
  pages = {13--30},
  issn = {0278-2715, 1544-5208},
  doi = {10.1377/hlthaff.21.2.13},
  langid = {english}
}
% == BibLateX quality report for deaton2002policy:
% 'issn': not a valid ISSN
% ? Title looks like it was stored in title-case in Zotero
% ? unused Library catalog ("DOI.org (Crossref)")
% ? unused Url ("http://www.healthaffairs.org/doi/10.1377/hlthaff.21.2.13")

@article{deaton2003health,
  title = {Health, {{Inequality}}, and {{Economic Development}}},
  author = {Deaton, Angus},
  date = {2003},
  journaltitle = {Journal of Economic Literature},
  shortjournal = {J. Econ. Lit.},
  pages = {46},
  langid = {english},
  keywords = {done\_reading},
  file = {/home/avila/Zotero/storage/XXBCGV3Z/Deaton_2003_Health,_Inequality,_and_Economic_Development.pdf}
}
% == BibLateX quality report for deaton2003health:
% ? Title looks like it was stored in title-case in Zotero
% ? unused Library catalog ("Zotero")

@book{deaton2015a,
  title = {The Great Escape: Health, Wealth, and the Origins of Inequality},
  shorttitle = {The Great Escape},
  author = {Deaton, Angus},
  date = {2015},
  edition = {First paperback printing},
  publisher = {{Princeton University Press}},
  location = {{Princeton Oxford}},
  isbn = {978-0-691-16562-2},
  langid = {english},
  pagetotal = {360},
  file = {/home/avila/Zotero/storage/IBFV69TG/Deaton - 2015 - The great escape health, wealth, and the origins .pdf}
}
% == BibLateX quality report for deaton2015a:
% ? unused Library catalog ("K10plus ISBN")

@online{dechaisemartin.dhaultfoeuille2022twoway,
  title = {Two-{{Way Fixed Effects}} and {{Differences-in-Differences}} with {{Heterogeneous Treatment Effects}}: {{A Survey}}},
  author = {family=Chaisemartin, given=Clément, prefix=de, useprefix=true and D'Haultfoeuille, Xavier},
  date = {2022-05},
  doi = {10.3386/w29734},
  langid = {english},
  pubstate = {preprint},
  file = {/home/avila/Zotero/storage/NC8V972T/de Chaisemartin and D'Haultfoeuille - Two-Way Fixed Effects and Differences-in-Differenc.pdf}
}
% == BibLateX quality report for dechaisemartin.dhaultfoeuille2022twoway:
% ? Title looks like it was stored in title-case in Zotero
% ? unused Library catalog ("Zotero")

@dataset{destatiscpi,
  title = {Consumer Price Index: {{Germany}}, Years (Series 61111-0001)},
  author = {{Federal Statistical Office}},
  eprinttype = {Genesis-Online, Statistisches Bundesamt (Destatis), Wiesbaden},
  publisher = {{Genesis-Online}}
}

@article{dewinter,
  title = {Five-{{Point Likert Items}}: t Test versus {{Mann-Whitney-Wilcoxon}} ({{Addendum}} Added {{October}} 2012)},
  shorttitle = {Five-{{Point Likert Items}}},
  author = {family=Winter, given=J. F.C., prefix=de, useprefix=true and Dodou, D.},
  publisher = {{University of Massachusetts Amherst}},
  doi = {10.7275/BJ1P-TS64},
  langid = {english},
  file = {/home/avila/Zotero/storage/C7KGJD4X/de_Winter_Dodou_Five-Point_Likert_Items.pdf}
}
% == BibLateX quality report for dewinter:
% Unexpected field 'publisher'
% Exactly one of 'date' / 'year' must be present
% Missing required field 'journaltitle'
% ? unused Library catalog ("DOI.org (Datacite)")
% ? unused Url ("https://scholarworks.umass.edu/pare/vol15/iss1/11/")

@article{dewinter2019,
  title = {Five-{{Point Likert Items}}: t Test versus {{Mann-Whitney-Wilcoxon}} ({{{\emph{Addendum}}}}{\emph{ Added }}{{{\emph{October}}}}{\emph{ 2012}})},
  shorttitle = {Five-{{Point Likert Items}}},
  author = {family=Winter, given=J. F.C., prefix=de, useprefix=true and Dodou, D.},
  date = {2019-11-23},
  journaltitle = {Practical Assessment, Research, and Evaluation},
  shortjournal = {Pract. Assess. Res. Eval.},
  volume = {15},
  number = {1},
  issn = {1531-7714},
  doi = {10.7275/bj1p-ts64},
  file = {/home/avila/Zotero/storage/MHCP7SLE/11.html}
}
% == BibLateX quality report for dewinter2019:
% ? unused DOI ("https://doi.org/10.7275/bj1p-ts64")
% ? unused Url ("https://scholarworks.umass.edu/pare/vol15/iss1/11")

@online{ding.li2019bracketing,
  title = {A Bracketing Relationship between Difference-in-Differences and Lagged-Dependent-Variable Adjustment},
  author = {Ding, Peng and Li, Fan},
  date = {2019-06-21},
  eprint = {1903.06286},
  eprinttype = {arxiv},
  eprintclass = {stat},
  url = {http://arxiv.org/abs/1903.06286},
  urldate = {2023-11-30},
  pubstate = {preprint},
  keywords = {Statistics - Applications,Statistics - Methodology},
  file = {/home/avila/Zotero/storage/HBKFWH9F/Ding and Li - 2019 - A bracketing relationship betw.pdf}
}
% == BibLateX quality report for ding.li2019bracketing:
% ? unused Number ("arXiv:1903.06286")

@dataset{diwberlin2019,
  type = {SAS,SPSS,Stata,SPSS,SAS},
  title = {{{SOEP-Core}} V35 – {{HEALTH}}},
  author = {{DIW Berlin}},
  date = {2019},
  publisher = {{SOEP Socio-Economic Panel Study}},
  doi = {10.5684/SOEP-CORE.V35},
  langid = {english},
  version = {v35},
  file = {/home/avila/Zotero/storage/JVVKQ7MC/DIW_Berlin_2019_SOEP-Core_v35_–_HEALTH.pdf}
}
% == BibLateX quality report for diwberlin2019:
% ? unused Library catalog ("DOI.org (Datacite)")
% ? unused Url ("https://www.diw.de/sixcms/detail.php?id=703957")

@article{erixson2017,
  title = {Health Responses to a Wealth Shock: Evidence from a Swedish Tax Reform},
  shorttitle = {Health Responses to a Wealth Shock},
  author = {Erixson, Oscar},
  date = {2017-10-01},
  journaltitle = {Journal of Population Economics},
  shortjournal = {J Popul Econ},
  volume = {30},
  number = {4},
  pages = {1281--1336},
  issn = {1432-1475},
  doi = {10.1007/s00148-017-0651-2},
  langid = {english},
  file = {/home/avila/Zotero/storage/DUJQLGMJ/Erixson - 2017 - Health responses to a wealth s.pdf}
}
% == BibLateX quality report for erixson2017:
% ? unused Library catalog ("Springer Link")
% ? unused Url ("https://doi.org/10.1007/s00148-017-0651-2")

@book{fabrigar.wegener2012exploratory,
  title = {Exploratory Factor Analysis},
  author = {Fabrigar, Leandre R. and Wegener, Duane Theodore},
  date = {2012},
  series = {Understanding Statistics},
  publisher = {{Oxford University Press}},
  location = {{Oxford ; New York}},
  isbn = {978-0-19-973417-7},
  langid = {english},
  pagetotal = {159},
  keywords = {Explanatory factor analysis,Mathematical models,Psychology,Social sciences,tocite},
  file = {/home/avila/Zotero/storage/XSUTYLFZ/Fabrigar and Wegener - 2012 - Exploratory factor analysis.pdf}
}
% == BibLateX quality report for fabrigar.wegener2012exploratory:
% ? unused Call number ("BF39 .F23 2012")
% ? unused Library catalog ("Library of Congress ISBN")

@article{fagereng2021,
  title = {Why {{Do Wealthy Parents Have Wealthy Children}}?},
  author = {Fagereng, Andreas and Mogstad, Magne and Rønning, Marte},
  date = {2021-03-01},
  journaltitle = {Journal of Political Economy},
  shortjournal = {Journal of Political Economy},
  volume = {129},
  number = {3},
  pages = {703--756},
  issn = {0022-3808, 1537-534X},
  doi = {10.1086/712446},
  langid = {english},
  annotation = {2 citations (Crossref) [2021-11-03]},
  file = {/home/avila/Zotero/storage/8GD6XCD8/Fagereng et al. - 2021 - Why Do Wealthy Parents Have Wealthy Children.pdf}
}
% == BibLateX quality report for fagereng2021:
% 'issn': not a valid ISSN
% ? Title looks like it was stored in title-case in Zotero
% ? unused Library catalog ("DOI.org (Crossref)")
% ? unused Url ("https://www.journals.uchicago.edu/doi/10.1086/712446")

@article{farivar.etal2007correlated,
  title = {Correlated Physical and Mental Health Summary Scores for the {{SF-36}} and {{SF-12 Health Survey}}, {{V}}.1},
  author = {Farivar, Sepideh S. and Cunningham, William E. and Hays, Ron D.},
  date = {2007-09-07},
  journaltitle = {Health and Quality of Life Outcomes},
  shortjournal = {Health and Quality of Life Outcomes},
  volume = {5},
  number = {1},
  pages = {54},
  issn = {1477-7525},
  doi = {10.1186/1477-7525-5-54},
  keywords = {Mental Health Factor,Mental Health Scale,Mental Health Summary Score,Response Choice,Summary Score},
  file = {/home/avila/Zotero/storage/IRKXPXNB/Farivar et al. - 2007 - Correlated physical and mental.pdf;/home/avila/Zotero/storage/6LUVYFER/1477-7525-5-54.html}
}
% == BibLateX quality report for farivar.etal2007correlated:
% ? unused Library catalog ("BioMed Central")
% ? unused Url ("https://doi.org/10.1186/1477-7525-5-54")

@article{farivar.etal2007correlateda,
  title = {Correlated Physical and Mental Health Summary Scores for the {{SF-36}} and {{SF-12 Health Survey}}, {{V}}.1},
  author = {Farivar, Sepideh S and Cunningham, William E and Hays, Ron D},
  date = {2007-09-07},
  journaltitle = {Health and Quality of Life Outcomes},
  shortjournal = {Health Qual Life Outcomes},
  volume = {5},
  eprint = {17825096},
  eprinttype = {pmid},
  pages = {54},
  issn = {1477-7525},
  doi = {10.1186/1477-7525-5-54},
  pmcid = {PMC2065865},
  file = {/home/avila/Zotero/storage/Q5PR5XHW/Farivar et al. - 2007 - Correlated physical and mental.pdf}
}
% == BibLateX quality report for farivar.etal2007correlateda:
% Unexpected field 'pmcid'
% ? unused Library catalog ("PubMed Central")
% ? unused Url ("https://www.ncbi.nlm.nih.gov/pmc/articles/PMC2065865/")

@article{feinstein1993relationship,
  title = {The {{Relationship}} between {{Socioeconomic Status}} and {{Health}}: {{A Review}} of the {{Literature}}},
  shorttitle = {The {{Relationship}} between {{Socioeconomic Status}} and {{Health}}},
  author = {Feinstein, Jonathan S.},
  date = {1993},
  journaltitle = {The Milbank Quarterly},
  shortjournal = {The Milbank Quarterly},
  volume = {71},
  number = {2},
  eprint = {3350401},
  eprinttype = {jstor},
  pages = {279},
  issn = {0887378X},
  doi = {10.2307/3350401},
  langid = {english},
  annotation = {526 citations (Crossref) [2021-09-03]},
  file = {/home/avila/Zotero/storage/DCKGAQHK/Feinstein - 1993 - The Relationship between Socioeconomic Status and .pdf}
}
% == BibLateX quality report for feinstein1993relationship:
% ? Title looks like it was stored in title-case in Zotero
% ? unused Library catalog ("DOI.org (Crossref)")
% ? unused Url ("https://www.jstor.org/stable/3350401?origin=crossref")

@article{finkelstein2013,
  title = {What {{Good Is Wealth Without Health}}? {{The Effect}} of {{Health}} on the {{Marginal Utility}} of {{Consumption}}},
  shorttitle = {What {{Good Is Wealth Without Health}}?},
  author = {Finkelstein, Amy and Luttmer, Erzo F. P. and Notowidigdo, Matthew J.},
  date = {2013},
  journaltitle = {Journal of the European Economic Association},
  shortjournal = {J. Eur. Econ. Assoc.},
  volume = {11},
  number = {s1},
  pages = {221--258},
  issn = {1542-4774},
  doi = {10.1111/j.1542-4774.2012.01101.x},
  langid = {english},
  keywords = {D12,I1},
  annotation = {192 citations (Crossref) [2021-05-15]},
  file = {/home/avila/Zotero/storage/TSBK6I9S/Finkelstein_et_al_2013_What_Good_Is_Wealth_Without_Health.pdf;/home/avila/Zotero/storage/C5SG99CS/j.1542-4774.2012.01101.html}
}
% == BibLateX quality report for finkelstein2013:
% ? Title looks like it was stored in title-case in Zotero
% ? unused DOI ("https://doi.org/10.1111/j.1542-4774.2012.01101.x")
% ? unused extra: _eprint ("https://onlinelibrary.wiley.com/doi/pdf/10.1111/j.1542-4774.2012.01101.x")
% ? unused Library catalog ("Wiley Online Library")
% ? unused Url ("https://onlinelibrary.wiley.com/doi/abs/10.1111/j.1542-4774.2012.01101.x")

@article{fleishman.etal2010deriving,
  title = {Deriving {{SF-12v2}} Physical and Mental Health Summary Scores: A Comparison of Different Scoring Algorithms},
  shorttitle = {Deriving {{SF-12v2}} Physical and Mental Health Summary Scores},
  author = {Fleishman, John A. and Selim, Alfredo J. and Kazis, Lewis E.},
  date = {2010-03},
  journaltitle = {Quality of Life Research: An International Journal of Quality of Life Aspects of Treatment, Care and Rehabilitation},
  shortjournal = {Qual Life Res},
  volume = {19},
  number = {2},
  eprint = {20094805},
  eprinttype = {pmid},
  pages = {231--241},
  issn = {1573-2649},
  doi = {10.1007/s11136-009-9582-z},
  langid = {english},
  keywords = {mcs,pcs,tocite},
  file = {/home/avila/Zotero/storage/UDXFBXC9/Fleishman et al. - 2010 - Deriving SF-12v2 physical and mental health summar.pdf}
}
% == BibLateX quality report for fleishman.etal2010deriving:
% ? unused Library catalog ("PubMed")

@book{folland.etal2017economics,
  title = {The Economics of Health and Health Care},
  author = {Folland, Sherman T. and Goodman, Allen C. and Stano, Miron},
  date = {2017},
  edition = {Eighth edition, international edition},
  publisher = {{Routledge, Taylor \& Francis Group}},
  location = {{London New York, NY}},
  isbn = {978-1-138-20805-6},
  langid = {english},
  pagetotal = {751},
  file = {/home/avila/Zotero/storage/BUW2RSWW/Folland et al. - 2017 - The economics of health and health care.pdf}
}
% == BibLateX quality report for folland.etal2017economics:
% ? unused Library catalog ("K10plus ISBN")

@article{forero2013,
  title = {Multidimensional Item Response Theory Models Yielded Good Fit and Reliable Scores for the {{Short Form-12}} Questionnaire},
  author = {Forero, Carlos G. and Vilagut, Gemma and Adroher, Nuria D. and Alonso, Jordi},
  date = {2013-07},
  journaltitle = {Journal of Clinical Epidemiology},
  shortjournal = {Journal of Clinical Epidemiology},
  volume = {66},
  number = {7},
  pages = {790--801},
  issn = {08954356},
  doi = {10.1016/j.jclinepi.2013.02.007},
  langid = {english}
}
% == BibLateX quality report for forero2013:
% ? unused Library catalog ("DOI.org (Crossref)")
% ? unused Url ("https://linkinghub.elsevier.com/retrieve/pii/S089543561300070X")

@article{fossen.könig2017public,
  title = {Public Health Insurance, Individual Health, and Entry into Self-Employment},
  author = {Fossen, Frank M. and König, Johannes},
  date = {2017-10},
  journaltitle = {Small Business Economics},
  shortjournal = {Small Bus Econ},
  volume = {49},
  number = {3},
  pages = {647--669},
  issn = {0921-898X, 1573-0913},
  doi = {10.1007/s11187-017-9843-0},
  langid = {english},
  annotation = {6 citations (Crossref) [2021-08-09]},
  file = {/home/avila/Zotero/storage/UM3Z8N3L/Fossen and König - 2017 - Public health insurance, individual health, and en.pdf}
}
% == BibLateX quality report for fossen.könig2017public:
% 'issn': not a valid ISSN
% ? unused Library catalog ("DOI.org (Crossref)")
% ? unused Url ("http://link.springer.com/10.1007/s11187-017-9843-0")

@article{galama2019,
  title = {A {{Theory}} of {{Socio-economic Disparities}} in {{Health}} over the {{Life Cycle}}},
  author = {Galama, Titus J and family=Kippersluis, given=Hans, prefix=van, useprefix=true},
  date = {2019-01-01},
  journaltitle = {The Economic Journal},
  shortjournal = {The Economic Journal},
  volume = {129},
  number = {617},
  pages = {338--374},
  issn = {0013-0133},
  doi = {10.1111/ecoj.12577},
  keywords = {theoretical},
  annotation = {8 citations (Crossref) [2021-05-15]},
  file = {/home/avila/Zotero/storage/5YDFYFH3/Galama_van_Kippersluis_2019_A_Theory_of_Socio-economic_Disparities_in_Health_over_the_Life_Cycle.pdf}
}
% == BibLateX quality report for galama2019:
% ? unused Library catalog ("Silverchair")
% ? unused Url ("https://doi.org/10.1111/ecoj.12577")

@article{gill.etal2007validity,
  title = {Validity of the Mental Health Component Scale of the 12-Item {{Short-Form Health Survey}} ({{MCS-12}}) as Measure of Common Mental Disorders in the General Population},
  author = {Gill, Sarah C. and Butterworth, Peter and Rodgers, Bryan and Mackinnon, Andrew},
  date = {2007-07-30},
  journaltitle = {Psychiatry Research},
  shortjournal = {Psychiatry Research},
  volume = {152},
  number = {1},
  pages = {63--71},
  issn = {0165-1781},
  doi = {10.1016/j.psychres.2006.11.005},
  keywords = {Area Under Curve,GHQ-12,ICD-10,K10,Mental disorder,Receiver Operating Characteristic Curve,SF-12}
}
% == BibLateX quality report for gill.etal2007validity:
% ? unused Library catalog ("ScienceDirect")
% ? unused Url ("https://www.sciencedirect.com/science/article/pii/S0165178106003672")

@online{gilpin.etal2023returns,
  title = {The {{Returns}} to {{Public Library Investment}}},
  author = {Gilpin, Gregory and Karger, Ezra and Nencka, Peter},
  date = {2023-05},
  doi = {10.21033/wp-2021-06},
  pubstate = {preprint},
  file = {/home/avila/Zotero/storage/DMKHZUIS/Gilpin et al. - 2021 - The Returns to Public Library .pdf}
}
% == BibLateX quality report for gilpin.etal2023returns:
% ? Title looks like it was stored in title-case in Zotero

@article{goebel.etal2019SOEP,
  title = {The {{German Socio-Economic Panel}} ({{SOEP}})},
  author = {Goebel, Jan and Grabka, Markus M. and Liebig, Stefan and Kroh, Martin and Richter, David and Schröder, Carsten and Schupp, Jürgen},
  date = {2019-04-01},
  journaltitle = {Jahrbücher für Nationalökonomie und Statistik},
  shortjournal = {Jahrb. Für Natl. Stat.},
  volume = {239},
  number = {2},
  pages = {345--360},
  publisher = {{De Gruyter Oldenbourg}},
  issn = {2366-049X},
  doi = {10.1515/jbnst-2018-0022},
  langid = {english},
  keywords = {SOEP,tocite},
  file = {/home/avila/Zotero/storage/HHBYB4QH/Goebel et al. - 2019 - The German Socio-Economic Pane.pdf}
}
% == BibLateX quality report for goebel.etal2019SOEP:
% Unexpected field 'publisher'
% ? Title looks like it was stored in title-case in Zotero
% ? unused Library catalog ("www.degruyter.com")
% ? unused Url ("https://www.degruyter.com/document/doi/10.1515/jbnst-2018-0022/html")

@article{goldman2001social,
  title = {Social Inequalities in Health Disentangling the Underlying Mechanisms},
  author = {Goldman, N.},
  date = {2001-12},
  journaltitle = {Annals of the New York Academy of Sciences},
  shortjournal = {Ann N Y Acad Sci},
  volume = {954},
  eprint = {11797854},
  eprinttype = {pmid},
  pages = {118--139},
  issn = {0077-8923},
  langid = {english},
  keywords = {{Models, Theoretical},Adult,Animals,Causality,Health Status,Humans,Longevity,Research,Social Class,Social Isolation}
}
% == BibLateX quality report for goldman2001social:
% ? unused Library catalog ("PubMed")

@unpublished{goldsmith-pinkham2020,
  title = {Linear {{Regression II}}: {{Semiparametrics}} + {{Visualization}}},
  author = {Goldsmith-Pinkham, Paul},
  date = {2020},
  langid = {english},
  file = {/home/avila/Zotero/storage/36LY5H7S/Goldsmith-Pinkham - Linear Regression II Semiparametrics + Visualizat.pdf}
}
% == BibLateX quality report for goldsmith-pinkham2020:
% ? Title looks like it was stored in title-case in Zotero

@online{goodman-bacon.cunningham2022changes,
  title = {Changes in {{Family Structure}} and {{Welfare Participation Since}} the 1960s: {{The Role}} of {{Legal Services}}},
  shorttitle = {Changes in {{Family Structure}} and {{Welfare Participation Since}} the 1960s},
  author = {Goodman-Bacon, Andrew and Cunningham, Jamein},
  date = {2022-07},
  eprinttype = {Preprint},
  langid = {english},
  pubstate = {preprint},
  file = {/home/avila/Zotero/storage/2AMIAP32/Goodman-Bacon and Cunningham - 2022 - Changes in Family Structure an.pdf}
}
% == BibLateX quality report for goodman-bacon.cunningham2022changes:
% At least one of 'url' / 'doi' / 'eprint' must be present
% ? Title looks like it was stored in title-case in Zotero

@article{goodman-bacon2021differenceindifferences,
  title = {Difference-in-Differences with Variation in Treatment Timing},
  author = {Goodman-Bacon, Andrew},
  date = {2021-12-01},
  journaltitle = {Journal of Econometrics},
  shortjournal = {Journal of Econometrics},
  series = {Themed {{Issue}}: {{Treatment Effect}} 1},
  volume = {225},
  number = {2},
  pages = {254--277},
  issn = {0304-4076},
  doi = {10.1016/j.jeconom.2021.03.014},
  keywords = {Difference-in-differences,Treatment effect heterogeneity,Two-way fixed effects,Variation in treatment timing},
  file = {/home/avila/Zotero/storage/2MSUV9DS/Goodman-Bacon - 2021 - Difference-in-differences with.pdf;/home/avila/Zotero/storage/IB8DKM3U/S0304407621001445.html}
}
% == BibLateX quality report for goodman-bacon2021differenceindifferences:
% ? unused Library catalog ("ScienceDirect")
% ? unused Url ("https://www.sciencedirect.com/science/article/pii/S0304407621001445")

@book{gorsuch2015factor,
  title = {Factor Analysis},
  author = {Gorsuch, Richard L.},
  date = {2015},
  edition = {Classic edition},
  publisher = {{Routledge, Taylor \& Francis Group}},
  location = {{New York ; London}},
  isbn = {978-1-138-83198-8},
  pagetotal = {443},
  keywords = {Factor analysis,Mathematical models,Psychology,Social sciences,using},
  file = {/home/avila/Zotero/storage/C92AX6T9/Gorsuch_2015_Factor_analysis.pdf}
}
% == BibLateX quality report for gorsuch2015factor:
% ? unused Call number ("BF39.2.F32 G67 2015")
% ? unused Library catalog ("Library of Congress ISBN")

@report{grabka2022healthv37,
  type = {Research Report},
  title = {{{SOEP-Core}} V37 - {{HEALTH}}},
  author = {Grabka, Markus M.},
  date = {2022},
  number = {1181},
  institution = {{SOEP Survey Papers}},
  url = {https://www.econstor.eu/handle/10419/263194},
  urldate = {2024-02-03},
  langid = {english},
  file = {/home/avila/Zotero/storage/NVD8UZIV/Grabka - 2022 - SOEP-Core v37 - HEALTH.pdf}
}
% == BibLateX quality report for grabka2022healthv37:
% ? unused Library catalog ("www.econstor.eu")

@article{graeber,
  title = {Does More Education Protect against Mental Health Problems?},
  author = {Graeber, Daniel},
  pages = {12},
  langid = {english},
  file = {/home/avila/Zotero/storage/M3Z9PSWJ/Graeber - Does more education protect against mental health .pdf}
}
% == BibLateX quality report for graeber:
% Exactly one of 'date' / 'year' must be present
% Missing required field 'journaltitle'
% ? unused Library catalog ("Zotero")

@article{graeber2019,
  title = {The Effect of Maternal Education on Offspring’s Mental Health},
  author = {Graeber, Daniel and Schnitzlein, Daniel D},
  date = {2019},
  series = {{{SOEPpapers}} on {{Multidisciplinary Panel Data Research}}},
  number = {1028},
  pages = {36},
  langid = {english},
  file = {/home/avila/Zotero/storage/RBULAT3Y/Graeber and Schnitzlein - The effect of maternal education on offspring’s me.pdf}
}
% == BibLateX quality report for graeber2019:
% Missing required field 'journaltitle'
% ? unused Library catalog ("Zotero")

@inbook{grossman2017,
  title = {1. {{On}} the {{Concept}} of {{Health Capital}} and the {{Demand}} for {{Health}}},
  booktitle = {Determinants of {{Health}}},
  author = {Grossman, Michael},
  date = {2017-12-31},
  pages = {6--41},
  publisher = {{Columbia University Press}},
  doi = {10.7312/gros17812-004},
  bookauthor = {Grossman, Michael},
  isbn = {978-0-231-54451-1},
  keywords = {theoretical modelling},
  file = {/home/avila/Zotero/storage/RKCKSKSA/Grossman - 2017 - 1. On the Concept of Health Capital and the Demand.pdf}
}
% == BibLateX quality report for grossman2017:
% ? Title looks like it was stored in title-case in Zotero
% ? unused Library catalog ("DOI.org (Crossref)")
% ? unused Url ("https://www.degruyter.com/document/doi/10.7312/gros17812-004/html")

@article{haan.myck2009dynamics,
  title = {Dynamics of Health and Labor Market Risks},
  author = {Haan, Peter and Myck, Michal},
  date = {2009-12},
  journaltitle = {Journal of Health Economics},
  shortjournal = {Journal of Health Economics},
  volume = {28},
  number = {6},
  pages = {1116--1125},
  issn = {01676296},
  doi = {10.1016/j.jhealeco.2009.09.001},
  langid = {english},
  file = {/home/avila/Zotero/storage/AEDWJCTD/Haan and Myck - 2009 - Dynamics of health and labor market risks.pdf}
}
% == BibLateX quality report for haan.myck2009dynamics:
% ? unused Library catalog ("DOI.org (Crossref)")
% ? unused Url ("https://linkinghub.elsevier.com/retrieve/pii/S0167629609000939")

@article{haan2020,
  title = {The Rising Longevity Gap by Lifetime Earnings – {{Distributional}} Implications for the Pension System},
  author = {Haan, Peter and Kemptner, Daniel and Lüthen, Holger},
  date = {2020-10-01},
  journaltitle = {The Journal of the Economics of Ageing},
  shortjournal = {The Journal of the Economics of Ageing},
  volume = {17},
  pages = {100199},
  issn = {2212-828X},
  doi = {10.1016/j.jeoa.2019.100199},
  langid = {english},
  keywords = {Lifetime inequality,Mortality,Pensions,Redistribution},
  annotation = {7 citations (Crossref) [2021-11-10]},
  file = {/home/avila/Zotero/storage/HQGWZHZH/Haan et al. - 2020 - The rising longevity gap by lifetime earnings – Di.pdf}
}
% == BibLateX quality report for haan2020:
% ? unused Library catalog ("ScienceDirect")
% ? unused Url ("https://www.sciencedirect.com/science/article/pii/S2212828X18301452")

@article{hagell.etal2017beware,
  title = {Beware of the Origin of Numbers: {{Standard}} Scoring of the {{SF}}‐12 and {{SF}}‐36 Summary Measures Distorts Measurement and Score Interpretations},
  shorttitle = {Beware of the Origin of Numbers},
  author = {Hagell, Peter and Westergren, Albert and Årestedt, Kristofer},
  date = {2017-08},
  journaltitle = {Research in Nursing \& Health},
  shortjournal = {Research in Nursing \& Health},
  volume = {40},
  number = {4},
  pages = {378--386},
  issn = {0160-6891, 1098-240X},
  doi = {10.1002/nur.21806},
  langid = {english},
  keywords = {mcs,pca,pcs,tocite},
  file = {/home/avila/Zotero/storage/R9J8HH68/Hagell_Westergren_Årestedt_2017_Beware_of_the_origin_of.pdf}
}
% == BibLateX quality report for hagell.etal2017beware:
% 'issn': not a valid ISSN
% ? unused Library catalog ("DOI.org (Crossref)")
% ? unused Url ("https://onlinelibrary.wiley.com/doi/10.1002/nur.21806")

@incollection{halbmeier2019,
  title = {Wealth {{Changes}} and {{Their Impact}} on {{Subjective Well-Being}}},
  booktitle = {Wealth(s) and {{Subjective Well-Being}}},
  author = {Halbmeier, Christoph and Grabka, Markus M.},
  editor = {Brulé, Gaël and Suter, Christian},
  date = {2019},
  series = {Social {{Indicators Research Series}}},
  pages = {401--414},
  publisher = {{Springer International Publishing}},
  location = {{Cham}},
  doi = {10.1007/978-3-030-05535-6_18},
  isbn = {978-3-030-05535-6},
  langid = {english},
  keywords = {Net worth,SOEP,Wealth changes,Wealth components}
}
% == BibLateX quality report for halbmeier2019:
% ? Title looks like it was stored in title-case in Zotero
% ? unused Library catalog ("Springer Link")
% ? unused Url ("https://doi.org/10.1007/978-3-030-05535-6_18")

@online{ham.miratrix2023benefits,
  title = {Benefits and Costs of Matching Prior to a {{Difference}} in {{Differences}} Analysis When Parallel Trends Does Not Hold},
  author = {Ham, Dae Woong and Miratrix, Luke},
  date = {2023-08-08},
  eprint = {2205.08644},
  eprinttype = {arxiv},
  eprintclass = {math, stat},
  url = {http://arxiv.org/abs/2205.08644},
  urldate = {2023-12-11},
  langid = {english},
  pubstate = {preprint},
  keywords = {Mathematics - Statistics Theory,Statistics - Methodology,tocite},
  file = {/home/avila/Zotero/storage/BUHADP4U/Ham and Miratrix - 2023 - Benefits and costs of matching prior to a Differen.pdf}
}
% == BibLateX quality report for ham.miratrix2023benefits:
% ? unused Number ("arXiv:2205.08644")

@article{hann2008sf36,
  title = {The {{SF-36}} Scales Are Not Accurately Summarised by Independent Physical and Mental Component Scores},
  author = {Hann, Mark and Reeves, David},
  date = {2008-04},
  journaltitle = {Quality of Life Research},
  shortjournal = {Qual Life Res},
  volume = {17},
  number = {3},
  pages = {413--423},
  issn = {0962-9343, 1573-2649},
  doi = {10.1007/s11136-008-9310-0},
  langid = {english},
  keywords = {pca,tocite}
}
% == BibLateX quality report for hann2008sf36:
% 'issn': not a valid ISSN
% ? unused Library catalog ("DOI.org (Crossref)")
% ? unused Url ("http://link.springer.com/10.1007/s11136-008-9310-0")

@book{harman1976,
  title = {Modern {{Factor Analysis}}},
  author = {Harman, Harry H. and Harman, Harry Horace},
  date = {1976-04},
  publisher = {{University of Chicago Press}},
  isbn = {978-0-226-31652-9},
  langid = {english},
  pagetotal = {522},
  keywords = {Mathematics / General,Mathematics / Probability \& Statistics / General},
  file = {/home/avila/Zotero/storage/IGW5KQ3P/Harman and Harman - 1976 - Modern Factor Analysis.pdf}
}
% == BibLateX quality report for harman1976:
% ? Title looks like it was stored in title-case in Zotero
% ? unused Library catalog ("Google Books")

@article{hartog1998,
  title = {Health, Wealth and Happiness: Why Pursue a Higher Education?},
  shorttitle = {Health, Wealth and Happiness},
  author = {Hartog, Joop and Oosterbeek, Hessel},
  date = {1998-06-01},
  journaltitle = {Economics of Education Review},
  shortjournal = {Economics of Education Review},
  volume = {17},
  number = {3},
  pages = {245--256},
  issn = {0272-7757},
  doi = {10.1016/S0272-7757(97)00064-2},
  langid = {english},
  annotation = {118 citations (Crossref) [2021-09-04]},
  file = {/home/avila/Zotero/storage/AK4DRKNF/Hartog_Oosterbeek_1998_Health,_wealth_and_happiness.pdf}
}
% == BibLateX quality report for hartog1998:
% ? unused Library catalog ("ScienceDirect")

@article{heckman.etal1997matching,
  title = {Matching as an {{Econometric Evaluation Estimator}}: {{Evidence}} from {{Evaluating}} a {{Job Training Programme}}},
  shorttitle = {Matching as an {{Econometric Evaluation Estimator}}},
  author = {Heckman, James J. and Ichimura, Hidehiko and Todd, Petra E.},
  date = {1997},
  journaltitle = {The Review of Economic Studies},
  shortjournal = {Rev. Econ. Stud.},
  volume = {64},
  number = {4},
  eprint = {2971733},
  eprinttype = {jstor},
  pages = {605--654},
  publisher = {{[Oxford University Press, Review of Economic Studies, Ltd.]}},
  issn = {0034-6527},
  doi = {10.2307/2971733}
}
% == BibLateX quality report for heckman.etal1997matching:
% Unexpected field 'publisher'
% ? Title looks like it was stored in title-case in Zotero
% ? unused Url ("https://www.jstor.org/stable/2971733")

@article{heckman2013,
  title = {Understanding the {{Mechanisms}} through {{Which}} an {{Influential Early Childhood Program Boosted Adult Outcomes}}},
  author = {Heckman, James and Pinto, Rodrigo and Savelyev, Peter},
  date = {2013-10},
  journaltitle = {American Economic Review},
  shortjournal = {Am. Econ. Rev.},
  volume = {103},
  number = {6},
  pages = {2052--2086},
  issn = {0002-8282},
  doi = {10.1257/aer.103.6.2052},
  langid = {english},
  keywords = {{Analysis of Education, Education and Inequality, Education: Government Policy, Fertility},{Youth, Human Capital},Child Care,Children,Family Planning,Labor Productivity,Occupational Choice,Skills},
  annotation = {486 citations (Crossref) [2021-11-10]},
  file = {/home/avila/Zotero/storage/KMWGNSYB/Heckman_et_al_2013_Understanding_the_Mechanisms_through_Which_an_Influential_Early_Childhood.pdf;/home/avila/Zotero/storage/5AS6CEII/articles.html}
}
% == BibLateX quality report for heckman2013:
% ? Title looks like it was stored in title-case in Zotero
% ? unused Library catalog ("www.aeaweb.org")
% ? unused Url ("https://www.aeaweb.org/articles?id=10.1257/aer.103.6.2052")

@article{hoffmann.etal2019social,
  title = {Social {{Causation Versus Health Selection}} in the {{Life Course}}: {{Does Their Relative Importance Differ}} by {{Dimension}} of {{SES}}?},
  shorttitle = {Social {{Causation Versus Health Selection}} in the {{Life Course}}},
  author = {Hoffmann, Rasmus and Kröger, Hannes and Geyer, Siegfried},
  date = {2019-02-01},
  journaltitle = {Social Indicators Research},
  shortjournal = {Soc Indic Res},
  volume = {141},
  number = {3},
  pages = {1341--1367},
  issn = {1573-0921},
  doi = {10.1007/s11205-018-1871-x},
  langid = {english},
  keywords = {Health inequality,Health selection,Life course,Social causation,Socioeconomic status,Structural equation model},
  file = {/home/avila/Zotero/storage/E8U6RDNF/Hoffmann et al. - 2019 - Social Causation Versus Health.pdf}
}
% == BibLateX quality report for hoffmann.etal2019social:
% ? Title looks like it was stored in title-case in Zotero
% ? unused Library catalog ("Springer Link")
% ? unused Url ("https://doi.org/10.1007/s11205-018-1871-x")

@article{holland1986statistics,
  title = {Statistics and {{Causal Inference}}},
  author = {Holland, Paul W.},
  date = {1986-12},
  journaltitle = {Journal of the American Statistical Association},
  shortjournal = {Journal of the American Statistical Association},
  volume = {81},
  number = {396},
  pages = {945--960},
  issn = {0162-1459, 1537-274X},
  doi = {10.1080/01621459.1986.10478354},
  langid = {english},
  file = {/home/avila/Zotero/storage/F5JC3AZB/Holland - 1986 - Statistics and Causal Inferenc.pdf}
}
% == BibLateX quality report for holland1986statistics:
% 'issn': not a valid ISSN
% ? Title looks like it was stored in title-case in Zotero
% ? unused Library catalog ("DOI.org (Crossref)")
% ? unused Url ("http://www.tandfonline.com/doi/abs/10.1080/01621459.1986.10478354")

@article{hosseini.etal2022evolution,
  title = {The Evolution of Health over the Life Cycle},
  author = {Hosseini, Roozbeh and Kopecky, Karen A. and Zhao, Kai},
  date = {2022-07-01},
  journaltitle = {Review of Economic Dynamics},
  shortjournal = {Review of Economic Dynamics},
  volume = {45},
  pages = {237--263},
  issn = {1094-2025},
  doi = {10.1016/j.red.2021.07.001},
  keywords = {Frailty index,Health,Mortality,Selection bias,Self-reported health status,Simulated method of moments},
  file = {/home/avila/Zotero/storage/Q2DR7DEU/Hosseini et al. - 2022 - The evolution of health over t.pdf}
}
% == BibLateX quality report for hosseini.etal2022evolution:
% ? unused Library catalog ("ScienceDirect")

@book{hoyle2023handbook,
  title = {Handbook of Structural Equation Modeling},
  editor = {Hoyle, Rick H.},
  date = {2023},
  edition = {Second edition},
  publisher = {{The Guilford Press}},
  location = {{New York London}},
  isbn = {978-1-4625-4464-6},
  langid = {english},
  pagetotal = {785},
  file = {/home/avila/Zotero/storage/PHZQJTJ4/Hoyle - 2023 - Handbook of structural equation modeling.pdf}
}
% == BibLateX quality report for hoyle2023handbook:
% Missing required field 'author'
% ? unused Library catalog ("K10plus ISBN")

@article{hudde2023they,
  title = {Do They Think That Joy and Misery Are Temporary? {{Comparing}} Trajectories of Current and Predicted Life Satisfaction across Life Events},
  shorttitle = {Do They Think That Joy and Misery Are Temporary?},
  author = {Hudde, Ansgar},
  editora = {{Center For Open Science}},
  editoratype = {collaborator},
  date = {2023},
  publisher = {{OSF}},
  doi = {10.17605/OSF.IO/F8YMR},
  langid = {english},
  file = {/home/avila/Zotero/storage/Y8EL43QZ/Hudde - 2023 - Do they think that joy and misery are temporary C.pdf}
}
% == BibLateX quality report for hudde2023they:
% Unexpected field 'publisher'
% Missing required field 'journaltitle'
% ? unused Library catalog ("DOI.org (Datacite)")
% ? unused Url ("https://osf.io/f8ymr/")

@article{hyytinen2019,
  title = {Heritability of Lifetime Earnings},
  author = {Hyytinen, Ari and Ilmakunnas, Pekka and Johansson, Edvard and Toivanen, Otto},
  date = {2019-09},
  journaltitle = {The Journal of Economic Inequality},
  shortjournal = {J Econ Inequal},
  volume = {17},
  number = {3},
  pages = {319--335},
  issn = {1569-1721, 1573-8701},
  doi = {10.1007/s10888-019-09413-x},
  langid = {english},
  file = {/home/avila/Zotero/storage/662YGAYW/Hyytinen_et_al_2019_Heritability_of_lifetime_earnings.pdf}
}
% == BibLateX quality report for hyytinen2019:
% 'issn': not a valid ISSN
% ? unused Library catalog ("DOI.org (Crossref)")
% ? unused Url ("http://link.springer.com/10.1007/s10888-019-09413-x")

@article{jann2007making,
  title = {Making {{Regression Tables Simplified}}},
  author = {Jann, Ben},
  date = {2007-06},
  journaltitle = {The Stata Journal: Promoting communications on statistics and Stata},
  shortjournal = {The Stata Journal},
  volume = {7},
  number = {2},
  pages = {227--244},
  langid = {english},
  keywords = {software},
  annotation = {Current version 3.31 26apr2022},
  file = {/home/avila/Zotero/storage/FUNV7RBT/Jann - 2007 - Making Regression Tables Simpl.pdf}
}
% == BibLateX quality report for jann2007making:
% ? Title looks like it was stored in title-case in Zotero

@article{jones.nagin2013note,
  title = {A {{Note}} on a {{Stata Plugin}} for {{Estimating Group-based Trajectory Models}}},
  author = {Jones, Bobby L. and Nagin, Daniel S.},
  date = {2013-11},
  journaltitle = {Sociological Methods \& Research},
  shortjournal = {Sociological Methods \& Research},
  volume = {42},
  number = {4},
  pages = {608--613},
  doi = {10.1177/0049124113503141},
  langid = {english},
  file = {/home/avila/Zotero/storage/9GIFVLM9/Jones and Nagin - 2013 - A Note on a Stata Plugin for Estimating Group-base.pdf}
}
% == BibLateX quality report for jones.nagin2013note:
% ? unused Library catalog ("DOI.org (Crossref)")
% ? unused Url ("http://journals.sagepub.com/doi/10.1177/0049124113503141")

@book{jones2013applied,
  title = {Applied Health Economics},
  editor = {Jones, Andrew M.},
  date = {2013},
  edition = {2nd ed},
  publisher = {{Routledge}},
  location = {{New York}},
  isbn = {978-0-415-67681-6},
  langid = {english},
  pagetotal = {396},
  keywords = {{Economics, Medical},Health Care Costs,Statistics as Topic},
  file = {/home/avila/Zotero/storage/X3X7R54Z/Jones - 2013 - Applied health economics.pdf}
}
% == BibLateX quality report for jones2013applied:
% Missing required field 'author'
% ? unused Call number ("RA410.5 .A66 2013")
% ? unused Library catalog ("Library of Congress ISBN")

@online{jung.tran2023health,
  type = {SSRN Scholarly Paper},
  title = {Health {{Heterogeneity}}, {{Portfolio Choice}} and {{Wealth Inequality}}},
  author = {Jung, Juergen and Tran, Chung},
  date = {2023-09-22},
  number = {4580209},
  location = {{Rochester, NY}},
  doi = {10.2139/ssrn.4580209},
  langid = {english},
  pubstate = {preprint},
  keywords = {Asset portfolio,Health and income risks,Health insurance,Heterogeneity,Inequality,Lifecycle savings,Risky and safe assets,tocite},
  file = {/home/avila/Zotero/storage/PG9CK8KN/Jung and Tran - 2023 - Health Heterogeneity, Portfoli.pdf}
}
% == BibLateX quality report for jung.tran2023health:
% Unexpected field 'type'
% Unexpected field 'number'
% Unexpected field 'location'
% ? Title looks like it was stored in title-case in Zotero
% ? unused Library catalog ("Social Science Research Network")
% ? unused Url ("https://papers.ssrn.com/abstract=4580209")

@article{kalwij.vermeulen2008health,
  title = {Health and Labour Force Participation of Older People in {{Europe}}: {{What}} Do Objective Health Indicators Add to the Analysis?},
  shorttitle = {Health and Labour Force Participation of Older People in {{Europe}}},
  author = {Kalwij, Adriaan and Vermeulen, Frederic},
  date = {2008-05},
  journaltitle = {Health Economics},
  shortjournal = {Health Econ.},
  volume = {17},
  number = {5},
  pages = {619--638},
  issn = {10579230, 10991050},
  doi = {10.1002/hec.1285},
  langid = {english},
  file = {/home/avila/Zotero/storage/5XB6UUAT/Kalwij and Vermeulen - 2008 - Health and labour force participation of older peo.pdf}
}
% == BibLateX quality report for kalwij.vermeulen2008health:
% 'issn': not a valid ISSN
% ? unused Library catalog ("DOI.org (Crossref)")
% ? unused Url ("https://onlinelibrary.wiley.com/doi/10.1002/hec.1285")

@online{keloharju.etal2023phd,
  type = {SSRN Scholarly Paper},
  title = {{{PhD Studies Hurt Mental Health}}, but {{Less Than Feared}}},
  author = {Keloharju, Matti and Knüpfer, Samuli and Müller, Dagmar and Tåg, Joacim},
  date = {2023-12-06},
  number = {4190289},
  location = {{Rochester, NY}},
  doi = {10.2139/ssrn.4190289},
  langid = {english},
  pubstate = {preprint},
  keywords = {anxiety,depression,doctoral studies,mental health,suicide,tocite},
  file = {/home/avila/Zotero/storage/YPWPSVRP/Keloharju et al. - 2023 - PhD Studies Hurt Mental Health.pdf}
}
% == BibLateX quality report for keloharju.etal2023phd:
% Unexpected field 'type'
% Unexpected field 'number'
% Unexpected field 'location'
% ? Title looks like it was stored in title-case in Zotero
% ? unused Library catalog ("Social Science Research Network")
% ? unused Url ("https://papers.ssrn.com/abstract=4190289")

@article{kemptner2011,
  title = {Changes in Compulsory Schooling and the Causal Effect of Education on Health: {{Evidence}} from {{Germany}}},
  shorttitle = {Changes in Compulsory Schooling and the Causal Effect of Education on Health},
  author = {Kemptner, Daniel and Jürges, Hendrik and Reinhold, Steffen},
  date = {2011-03-01},
  journaltitle = {Journal of Health Economics},
  shortjournal = {Journal of Health Economics},
  volume = {30},
  number = {2},
  pages = {340--354},
  issn = {0167-6296},
  doi = {10.1016/j.jhealeco.2011.01.004},
  langid = {english},
  keywords = {Health,Instrumental variables,Obesity,School reform,Smoking},
  annotation = {113 citations (Crossref) [2021-05-15]},
  file = {/home/avila/Zotero/storage/W9KPE7H8/Kemptner_et_al_2011_Changes_in_compulsory_schooling_and_the_causal_effect_of_education_on_health.pdf;/home/avila/Zotero/storage/798CI97R/S0167629611000105.html}
}
% == BibLateX quality report for kemptner2011:
% ? unused Library catalog ("ScienceDirect")
% ? unused Url ("https://www.sciencedirect.com/science/article/pii/S0167629611000105")

@article{kimwomen,
  title = {{{WOMEN IN SCIENCE THE LOST MOTHERS OF THE BABY BOOM}}},
  author = {Kim, Scott Daewon},
  langid = {english},
  file = {/home/avila/Zotero/storage/24BHX59J/Kim - WOMEN IN SCIENCE THE LOST MOTH.pdf}
}
% == BibLateX quality report for kimwomen:
% Exactly one of 'date' / 'year' must be present
% Missing required field 'journaltitle'
% ? Title looks like it was stored in title-case in Zotero
% ? unused Library catalog ("Zotero")

@article{kröger.etal2015what,
  title = {What Causes Health Inequality? {{A}} Systematic Review on the Relative Importance of Social Causation and Health Selection},
  shorttitle = {What Causes Health Inequality?},
  author = {Kröger, Hannes and Pakpahan, Eduwin and Hoffmann, Rasmus},
  date = {2015-12},
  journaltitle = {European Journal of Public Health},
  shortjournal = {Eur J Public Health},
  volume = {25},
  number = {6},
  eprint = {26089181},
  eprinttype = {pmid},
  pages = {951--960},
  issn = {1464-360X},
  doi = {10.1093/eurpub/ckv111},
  langid = {english},
  keywords = {{Models, Statistical},Educational Status,Health Status Disparities,Humans,Income,Social Determinants of Health,Socioeconomic Factors},
  file = {/home/avila/Zotero/storage/Y55VK7GW/Kröger et al. - 2015 - What causes health inequality.pdf}
}
% == BibLateX quality report for kröger.etal2015what:
% ? unused Library catalog ("PubMed")

@article{lampert2013,
  title = {Messung Des Sozioökonomischen {{Status}} in Der {{Studie}} Zur {{Gesundheit Erwachsener}} in {{Deutschland}} ({{DEGS1}})},
  author = {Lampert, T. and Kroll, L. and Müters, S. and Stolzenberg, H.},
  date = {2013-05},
  journaltitle = {Bundesgesundheitsblatt - Gesundheitsforschung - Gesundheitsschutz},
  shortjournal = {Bundesgesundheitsbl.},
  volume = {56},
  number = {5-6},
  pages = {631--636},
  issn = {1436-9990, 1437-1588},
  doi = {10.1007/s00103-012-1663-4},
  langid = {english},
  annotation = {151 citations (Crossref) [2021-09-04]},
  file = {/home/avila/Zotero/storage/69V96CV4/Lampert et al. - 2013 - Messung des sozioökonomischen Status in der Studie.pdf}
}
% == BibLateX quality report for lampert2013:
% 'issn': not a valid ISSN
% ? unused Library catalog ("DOI.org (Crossref)")
% ? unused Url ("http://link.springer.com/10.1007/s00103-012-1663-4")

@article{lampert2019,
  title = {Social Differences in Mortality and Life Expectancy in {{Germany}}. {{Current}} Situation and Trends},
  author = {Lampert, Thomas and Hoebel, Jens and Kroll, Lars Eric},
  date = {2019-03-14},
  journaltitle = {Journal of Health Monitoring},
  shortjournal = {J Health Monit},
  volume = {4},
  number = {1},
  eprint = {35586309},
  eprinttype = {pmid},
  pages = {3--14},
  issn = {2511-2708},
  doi = {10.25646/5872},
  pmcid = {PMC8848850},
  file = {/home/avila/Zotero/storage/DL2BPUN6/Lampert et al. - 2019 - Social differences in mortality and life expectanc.pdf}
}
% == BibLateX quality report for lampert2019:
% Unexpected field 'pmcid'
% ? unused Library catalog ("PubMed Central")
% ? unused Url ("https://www.ncbi.nlm.nih.gov/pmc/articles/PMC8848850/")

@article{lee2018,
  title = {Gene Discovery and Polygenic Prediction from a Genome-Wide Association Study of Educational Attainment in 1.1 Million Individuals},
  author = {Lee, James J. and Wedow, Robbee and Okbay, Aysu and Kong, Edward and Maghzian, Omeed and Zacher, Meghan and Nguyen-Viet, Tuan Anh and Bowers, Peter and Sidorenko, Julia and Karlsson Linnér, Richard and Fontana, Mark Alan and Kundu, Tushar and Lee, Chanwook and Li, Hui and Li, Ruoxi and Royer, Rebecca and Timshel, Pascal N. and Walters, Raymond K. and Willoughby, Emily A. and Yengo, Loïc and Alver, Maris and Bao, Yanchun and Clark, David W. and Day, Felix R. and Furlotte, Nicholas A. and Joshi, Peter K. and Kemper, Kathryn E. and Kleinman, Aaron and Langenberg, Claudia and Mägi, Reedik and Trampush, Joey W. and Verma, Shefali Setia and Wu, Yang and Lam, Max and Zhao, Jing Hua and Zheng, Zhili and Boardman, Jason D. and Campbell, Harry and Freese, Jeremy and Harris, Kathleen Mullan and Hayward, Caroline and Herd, Pamela and Kumari, Meena and Lencz, Todd and Luan, Jian’an and Malhotra, Anil K. and Metspalu, Andres and Milani, Lili and Ong, Ken K. and Perry, John R. B. and Porteous, David J. and Ritchie, Marylyn D. and Smart, Melissa C. and Smith, Blair H. and Tung, Joyce Y. and Wareham, Nicholas J. and Wilson, James F. and Beauchamp, Jonathan P. and Conley, Dalton C. and Esko, Tõnu and Lehrer, Steven F. and Magnusson, Patrik K. E. and Oskarsson, Sven and Pers, Tune H. and Robinson, Matthew R. and Thom, Kevin and Watson, Chelsea and Chabris, Christopher F. and Meyer, Michelle N. and Laibson, David I. and Yang, Jian and Johannesson, Magnus and Koellinger, Philipp D. and Turley, Patrick and Visscher, Peter M. and Benjamin, Daniel J. and Cesarini, David},
  date = {2018-08},
  journaltitle = {Nature Genetics},
  shortjournal = {Nat. Genet.},
  volume = {50},
  number = {8},
  pages = {1112--1121},
  publisher = {{Nature Publishing Group}},
  issn = {1546-1718},
  doi = {10.1038/s41588-018-0147-3},
  issue = {8},
  langid = {english},
  file = {/home/avila/Zotero/storage/W6YZ6TR4/Lee_et_al_2018_Gene_discovery_and_polygenic_prediction_from_a_genome-wide_association_study_of.pdf}
}
% == BibLateX quality report for lee2018:
% Unexpected field 'publisher'
% ? unused Library catalog ("www.nature.com")

@dataset{liebig.etal2022SOEP,
  title = {Socio-{{Economic Panel}}, Data from 1984-2020, ({{SOEP-Core}}, V37, {{EU Edition}})},
  author = {Liebig, Stefan and Goebel, Jan and Grabka, Markus and Schröder, Carsten and Zinn, Sabine and Bartels, Charlotte and Franken, Andreas and Gerike, Martin and Geschke, Sascha-Christopher and Griese, Florian and Kara, Selin and König, Johannes and Krause, Peter and Kröger, Hannes and Liebau, Elisabeth and Nebelin, Jana and Petrenz, Marvin and Richter, David and Schupp, Jürgen and Siegers, Rainer and Steinhauer, Hans Walter and Wenzig, Knut and Zimmermann, Stefan and {Deutsches Institut Für Wirtschaftsforschung (DIW Berlin)}},
  editora = {{Kantar Deutschland GmbH}},
  editoratype = {collaborator},
  date = {2022},
  publisher = {{SOEP Socio-Economic Panel Study}},
  doi = {10.5684/SOEP.CORE.V37EU},
  version = {v37},
  keywords = {10000 Social Sciences,10200 Sociology,10208 Sociology of Education,10700 Psychology,10900 Economics,11003 Social Security,Arbeit und Betrieb,Beruf,Big Five,Culture,Economy,Education,Einkommen,Empirical educational research,Empirische Bildungsforschung,Erziehung und Schulwesen,Familie,Family,FOS: Political science,FOS: Psychology,FOS: Sociology,Freizeit,Gesellschaft und Kultur,Income,Leisure,Occupation,Ökonomie,Political Attitudes and Behavior,Political Science,Politikwissenschaft,Politische Einstellungen und Verhaltensweisen,Profession,Psychologie,Psychology,Religion und Weltanschauung,School Systems,Society,Sociology,SOEP,Soziologie,tocite,Work and Industry,Zufriedenheit}
}
% == BibLateX quality report for liebig.etal2022SOEP:
% Unexpected field 'editora'
% Unexpected field 'editoratype'
% ? unused Library catalog ("DOI.org (Datacite)")
% ? unused Url ("https://www.diw.de/doi/soep.core.v37eu")

@article{lindeboom.vandoorslaer2004cutpoint,
  title = {Cut-Point Shift and Index Shift in Self-Reported Health},
  author = {Lindeboom, Maarten and family=Doorslaer, given=Eddy, prefix=van, useprefix=true},
  date = {2004-11-01},
  journaltitle = {Journal of Health Economics},
  shortjournal = {Journal of Health Economics},
  volume = {23},
  number = {6},
  pages = {1083--1099},
  issn = {0167-6296},
  doi = {10.1016/j.jhealeco.2004.01.002},
  langid = {english},
  keywords = {Canada,Cut-point shift,Health measurement,Hierarchical ordered probit,Index shift},
  file = {/home/avila/Zotero/storage/L78WLVA7/Lindeboom and van Doorslaer - 2004 - Cut-point shift and index shift in self-reported h.pdf;/home/avila/Zotero/storage/UJF73KQT/Lindeboom_van_Doorslaer_2004_Cut-point_shift_and_index_shift_in_self-reported_health.pdf;/home/avila/Zotero/storage/2ZD8LDPB/S0167629604000396.html}
}
% == BibLateX quality report for lindeboom.vandoorslaer2004cutpoint:
% ? unused Library catalog ("ScienceDirect")
% ? unused Url ("https://www.sciencedirect.com/science/article/pii/S0167629604000396")

@article{lord1956,
  title = {The {{Measurement}} of {{Growth}}},
  author = {Lord, Frederic M.},
  date = {1956-12-01},
  journaltitle = {Educational and Psychological Measurement},
  shortjournal = {Educ. Psychol. Meas.},
  volume = {16},
  number = {4},
  pages = {421--437},
  publisher = {{SAGE Publications Inc}},
  issn = {0013-1644},
  doi = {10.1177/001316445601600401},
  langid = {english}
}
% == BibLateX quality report for lord1956:
% Unexpected field 'publisher'
% ? Title looks like it was stored in title-case in Zotero
% ? unused Library catalog ("SAGE Journals")
% ? unused Url ("https://doi.org/10.1177/001316445601600401")

@article{lord1967,
  title = {A Paradox in the Interpretation of Group Comparisons},
  author = {Lord, Frederic M.},
  date = {1967},
  journaltitle = {Psychological Bulletin},
  shortjournal = {Psychol. Bull.},
  volume = {68},
  number = {5},
  pages = {304--305},
  publisher = {{American Psychological Association}},
  location = {{US}},
  issn = {1939-1455},
  doi = {10.1037/h0025105},
  keywords = {Collective Behavior,Group Dynamics,Group Problem Solving,Methodology,Population (Statistics),Racial and Ethnic Groups,Social Groups,Statistical Analysis,Statistical Correlation,Statistical Reliability,Statistical Validity,Statistical Variables},
  file = {/home/avila/Zotero/storage/GIPP39E9/1968-01382-001.html}
}
% == BibLateX quality report for lord1967:
% Unexpected field 'publisher'
% Unexpected field 'location'
% ? unused Library catalog ("APA PsycNet")

@article{ludwig.brüderl2021what,
  title = {What {{You Need}} to {{Know When Estimating Impact Functions}} with {{Panel Data}} for {{Demographic Research}}},
  author = {Ludwig, Volker and Brüderl, Josef},
  date = {2021-11-24},
  journaltitle = {Comparative Population Studies},
  shortjournal = {CPoS},
  volume = {46},
  issn = {1869-8999, 1869-8980},
  doi = {10.12765/CPoS-2021-16},
  file = {/home/avila/Zotero/storage/JHCD96B8/Ludwig and Brüderl - 2021 - What You Need to Know When Estimating Impact Funct.pdf}
}
% == BibLateX quality report for ludwig.brüderl2021what:
% 'issn': not a valid ISSN
% ? Title looks like it was stored in title-case in Zotero
% ? unused Library catalog ("DOI.org (Crossref)")
% ? unused Url ("https://www.comparativepopulationstudies.de/index.php/CPoS/article/view/468")

@article{mackenbach,
  title = {Health {{Inequalities}}: {{Europe}} in {{Profile}}},
  author = {Mackenbach, Dr Johan P},
  pages = {54},
  langid = {english},
  file = {/home/avila/Zotero/storage/EZGB2DUQ/Mackenbach - Health Inequalities Europe in Profile.pdf}
}
% == BibLateX quality report for mackenbach:
% Exactly one of 'date' / 'year' must be present
% Missing required field 'journaltitle'
% ? Title looks like it was stored in title-case in Zotero
% ? unused Library catalog ("Zotero")

@article{mahler2022,
  title = {Lifestyle {{Behaviors}} and {{Wealth-Health Gaps}} in {{Germany}}},
  author = {Mahler, Lukas and Yum, Minchul},
  date = {2022},
  journaltitle = {SSRN Electronic Journal},
  shortjournal = {SSRN Journal},
  issn = {1556-5068},
  doi = {10.2139/ssrn.4034661},
  langid = {english},
  file = {/home/avila/Zotero/storage/TWYQN7WH/Mahler and Yum - 2022 - Lifestyle Behaviors and Wealth-Health Gaps in Germ.pdf}
}
% == BibLateX quality report for mahler2022:
% ? Title looks like it was stored in title-case in Zotero
% ? unused Library catalog ("DOI.org (Crossref)")
% ? unused Url ("https://www.ssrn.com/abstract=4034661")

@article{meer.etal2003exploring,
  title = {Exploring the Health–Wealth Nexus},
  author = {Meer, Jonathan and Miller, Douglas L and Rosen, Harvey S},
  date = {2003-09-01},
  journaltitle = {Journal of Health Economics},
  shortjournal = {Journal of Health Economics},
  volume = {22},
  number = {5},
  pages = {713--730},
  issn = {0167-6296},
  doi = {10.1016/S0167-6296(03)00059-6},
  langid = {english},
  keywords = {Health,Panel Study of Income Dynamics (PSID),tocite,Wealth},
  annotation = {184 citations (Crossref) [2021-09-04]},
  file = {/home/avila/Zotero/storage/BT39UVFC/Meer_et_al_2003_Exploring_the_health–wealth_nexus.pdf}
}
% == BibLateX quality report for meer.etal2003exploring:
% ? unused Library catalog ("ScienceDirect")
% ? unused Url ("https://www.sciencedirect.com/science/article/pii/S0167629603000596")

@article{montano2021socioeconomic,
  title = {Socioeconomic Status, Well-Being and Mortality: A Comprehensive Life Course Analysis of Panel Data, {{Germany}}, 1984-2016},
  shorttitle = {Socioeconomic Status, Well-Being and Mortality},
  author = {Montano, Diego},
  date = {2021-03-24},
  journaltitle = {Archives of Public Health},
  shortjournal = {Archives of Public Health},
  volume = {79},
  number = {1},
  pages = {40},
  issn = {2049-3258},
  doi = {10.1186/s13690-021-00559-7},
  keywords = {important,Life satisfaction,Longevity,Longitudinal study,Satisfaction with health,Socioeconomic determinants of health},
  file = {/home/avila/Zotero/storage/TC6S5IKV/Montano - 2021 - Socioeconomic status, well-being and mortality a .pdf;/home/avila/Zotero/storage/IC6NKRMR/s13690-021-00559-7.html}
}
% == BibLateX quality report for montano2021socioeconomic:
% ? unused Library catalog ("BioMed Central")
% ? unused Url ("https://doi.org/10.1186/s13690-021-00559-7")

@article{mushkin1962health,
  title = {Health as an {{Investment}}},
  author = {Mushkin, Selma J.},
  date = {1962-10},
  journaltitle = {Journal of Political Economy},
  shortjournal = {J. Polit. Econ.},
  volume = {70},
  pages = {129--157},
  publisher = {{The University of Chicago Press}},
  issn = {0022-3808},
  doi = {10.1086/258730},
  issue = {5, Part 2},
  file = {/home/avila/Zotero/storage/MGPDT552/Mushkin - 1962 - Health as an Investment.pdf}
}
% == BibLateX quality report for mushkin1962health:
% Unexpected field 'publisher'
% ? Title looks like it was stored in title-case in Zotero
% ? unused Library catalog ("journals.uchicago.edu (Atypon)")
% ? unused Url ("https://www.journals.uchicago.edu/doi/10.1086/258730")

@article{neubert2019,
  title = {Unemployment and Mental Health in the {{German}} Population: The Role of Subjective Social Status},
  shorttitle = {Unemployment and Mental Health in the {{German}} Population},
  author = {Neubert, Marie and Süssenbach, Philipp and Rief, Winfried and Euteneuer, Frank},
  date = {2019-07-24},
  journaltitle = {Psychology Research and Behavior Management},
  shortjournal = {Psychol Res Behav Manag},
  volume = {12},
  eprint = {31440107},
  eprinttype = {pmid},
  pages = {557--564},
  issn = {1179-1578},
  doi = {10.2147/PRBM.S207971},
  pmcid = {PMC6664150},
  file = {/home/avila/Zotero/storage/ID4TERW4/Neubert et al. - 2019 - Unemployment and mental health in the German popul.pdf}
}
% == BibLateX quality report for neubert2019:
% Unexpected field 'pmcid'
% ? unused Library catalog ("PubMed Central")
% ? unused Url ("https://www.ncbi.nlm.nih.gov/pmc/articles/PMC6664150/")

@online{nickcox2005st,
  title = {St: {{RE}}: -Factor Pcf- vs -Pca- (Was Factor Score Postestimation)},
  author = {{Nick Cox}},
  date = {2005-09-11},
  url = {https://www.stata.com/statalist/archive/2005-09/msg00297.html},
  urldate = {2023-12-12},
  file = {/home/avila/Zotero/storage/VQ25A4MY/msg00297.html}
}

@article{niles.etal2013anxiety,
  title = {Anxiety Treatment Improves Physical Functioning with Oblique Scoring of the {{SF-12}} Short Form Health Survey},
  author = {Niles, Andrea N. and Sherbourne, Cathy D. and Roy-Byrne, Peter P. and Stein, Murray B. and Sullivan, Greer and Bystritsky, Alexander and Craske, Michelle G.},
  date = {2013},
  journaltitle = {General Hospital Psychiatry},
  shortjournal = {Gen Hosp Psychiatry},
  volume = {35},
  number = {3},
  eprint = {23332608},
  eprinttype = {pmid},
  pages = {291--296},
  issn = {1873-7714},
  doi = {10.1016/j.genhosppsych.2012.12.004},
  langid = {english},
  pmcid = {PMC3747957},
  keywords = {Activities of Daily Living,Adult,Anti-Anxiety Agents,Anxiety Disorders,Cognitive Behavioral Therapy,Female,Health Status Indicators,Health Surveys,Humans,Male,Middle Aged,Research Design,Treatment Outcome},
  file = {/home/avila/Zotero/storage/KAJLMS7L/Niles et al. - 2013 - Anxiety treatment improves physical functioning wi.pdf}
}
% == BibLateX quality report for niles.etal2013anxiety:
% Unexpected field 'pmcid'
% ? unused Library catalog ("PubMed")

@online{noah2022answer,
  title = {Answer to "{{Propensity}} Score Matching in Difference-in-Differences"},
  author = {Noah},
  date = {2022-03-02},
  url = {https://stats.stackexchange.com/a/566318},
  urldate = {2023-12-11},
  organization = {{Cross Validated}},
  file = {/home/avila/Zotero/storage/5CV5NPW8/propensity-score-matching-in-difference-in-differences.html}
}

@online{pbneau2015use,
  type = {Forum post},
  title = {On the Use of Oblique Rotation after {{PCA}}},
  author = {{pbneau}},
  date = {2015-10-20},
  url = {https://stats.stackexchange.com/q/2742},
  urldate = {2023-12-08},
  organization = {{Cross Validated}},
  file = {/home/avila/Zotero/storage/8XL7NRKB/on-the-use-of-oblique-rotation-after-pca.html}
}
% == BibLateX quality report for pbneau2015use:
% Unexpected field 'type'

@article{rambachan.roth2023more,
  title = {A {{More Credible Approach}} to {{Parallel Trends}}},
  author = {Rambachan, Ashesh and Roth, Jonathan},
  date = {2023-09-05},
  journaltitle = {Review of Economic Studies},
  shortjournal = {Rev. Econ. Stud.},
  volume = {90},
  number = {5},
  pages = {2555--2591},
  issn = {0034-6527, 1467-937X},
  doi = {10.1093/restud/rdad018},
  langid = {english},
  file = {/home/avila/Zotero/storage/SUVWAZLX/Rambachan and Roth - 2023 - A More Credible Approach to Pa.pdf}
}
% == BibLateX quality report for rambachan.roth2023more:
% 'issn': not a valid ISSN
% ? Title looks like it was stored in title-case in Zotero
% ? unused Library catalog ("DOI.org (Crossref)")
% ? unused Url ("https://academic.oup.com/restud/article/90/5/2555/7039335")

@software{rios-avila.etal2023csdid,
  title = {{{CSDID}}: {{Stata}} Module for the Estimation of {{Difference-in-Difference}} Models with Multiple Time Periods},
  shorttitle = {{{CSDID}}},
  author = {Rios-Avila, Fernando and Sant'Anna, Pedro H. C. and Callaway, Brantly},
  date = {2023-02-25},
  url = {https://ideas.repec.org//c/boc/bocode/s458976.html},
  urldate = {2024-01-22},
  version = {1.73},
  keywords = {DID,difference in differences,drdid,event studies,software,Stata},
  file = {/home/avila/Zotero/storage/RHAX2SN3/s458976.html}
}
% == BibLateX quality report for rios-avila.etal2023csdid:
% ? unused Library catalog ("ideas.repec.org")

@software{rios-avila.etal2024csdid2,
  title = {{{CSDID2}}: {{New Version}} of {{CSDID}}. {{All}} in {{Mata}}},
  shorttitle = {{{CSDID2}}},
  author = {Rios-Avila, Fernando and Sant'Anna, Pedro H. C. and Callaway, Brantly},
  date = {2024-01-04},
  url = {https://github.com/friosavila/stpackages/tree/8f0e3a92688ab411495907dc970ff0cdc270913d},
  version = {1.21},
  keywords = {DID,difference in differences,drdid,event studies,software,Stata},
  annotation = {commit: 8f0e3a92688ab411495907dc970ff0cdc270913d}
}
% == BibLateX quality report for rios-avila.etal2024csdid2:
% ? Title looks like it was stored in title-case in Zotero

@online{rios-avila2023SLWeights,
  title = {Does {{CSDID}} Store Weight (Dripw)? - {{Statalist}}},
  author = {Rios-Avila, Fernando},
  date = {2023-04-29},
  url = {https://www.statalist.org/forums/forum/general-stata-discussion/general/1711680#post1711687},
  urldate = {2024-01-23},
  file = {/home/avila/Zotero/storage/RWF5TCZZ/1711680-does-csdid-store-weight-dripw.html}
}

@article{robertkoch-institut2017,
  title = {12-{{Month}} Prevalence of Stroke or Chronic Consequences of Stroke in {{Germany}}},
  author = {Robert Koch-Institut},
  date = {2017},
  publisher = {{RKI-Bib1 (Robert Koch-Institut)}},
  doi = {10.17886/RKI-GBE-2017-019},
  langid = {english},
  file = {/home/avila/Zotero/storage/IJ76VLLP/Robert Koch-Institut - 2017 - 12-Month prevalence of stroke or chronic consequen.pdf}
}
% == BibLateX quality report for robertkoch-institut2017:
% Unexpected field 'publisher'
% Missing required field 'journaltitle'
% ? unused Library catalog ("DOI.org (Datacite)")
% ? unused Url ("http://edoc.rki.de/docviews/abstract.php?lang=ger&id=5048")

@article{rosenbaum1983central,
  title = {The Central Role of the Propensity Score in Observational Studies for Causal Effects},
  author = {Rosenbaum, Paul R. and Rubin, Donald B.},
  date = {1983},
  journaltitle = {Biometrika},
  shortjournal = {Biometrika},
  volume = {70},
  number = {1},
  pages = {41--55},
  issn = {0006-3444, 1464-3510},
  doi = {10.1093/biomet/70.1.41},
  langid = {english},
  file = {/home/avila/Zotero/storage/8ZM43LKL/Rosenbaum and Rubin - 1983 - The central role of the propensity score in observ.pdf}
}
% == BibLateX quality report for rosenbaum1983central:
% 'issn': not a valid ISSN
% ? unused Library catalog ("DOI.org (Crossref)")
% ? unused Url ("https://academic.oup.com/biomet/article-lookup/doi/10.1093/biomet/70.1.41")

@article{rubin2005causal,
  title = {Causal {{Inference Using Potential Outcomes}}: {{Design}}, {{Modeling}}, {{Decisions}}},
  shorttitle = {Causal {{Inference Using Potential Outcomes}}},
  author = {Rubin, Donald B.},
  date = {2005},
  journaltitle = {Journal of the American Statistical Association},
  shortjournal = {J. Am. Stat. Assoc.},
  volume = {100},
  number = {469},
  eprint = {27590541},
  eprinttype = {jstor},
  pages = {322--331},
  publisher = {{[American Statistical Association, Taylor \& Francis, Ltd.]}},
  issn = {0162-1459},
  url = {https://www.jstor.org/stable/27590541},
  urldate = {2024-02-07}
}
% == BibLateX quality report for rubin2005causal:
% Unexpected field 'publisher'
% ? Title looks like it was stored in title-case in Zotero

@article{santanna.zhao2020doubly,
  title = {Doubly Robust Difference-in-Differences Estimators},
  author = {Sant'Anna, Pedro H. C. and Zhao, Jun},
  date = {2020-11-01},
  journaltitle = {Journal of Econometrics},
  shortjournal = {Journal of Econometrics},
  volume = {219},
  number = {1},
  pages = {101--122},
  issn = {0304-4076},
  doi = {10.1016/j.jeconom.2020.06.003},
  keywords = {Causal inference,Difference-in-differences,Natural experiments,Panel data,Repeated cross-section data,Semiparametric efficiency},
  file = {/home/avila/Zotero/storage/63XMTM6I/Sant’Anna and Zhao - 2020 - Doubly robust difference-in-di.pdf}
}
% == BibLateX quality report for santanna.zhao2020doubly:
% ? unused Library catalog ("ScienceDirect")

@article{schmidheiny.siegloch2023event,
  title = {On Event Studies and Distributed‐lags in Two‐way Fixed Effects Models: {{Identification}}, Equivalence, and Generalization},
  shorttitle = {On Event Studies and Distributed‐lags in Two‐way Fixed Effects Models},
  author = {Schmidheiny, Kurt and Siegloch, Sebastian},
  date = {2023-08},
  journaltitle = {Journal of Applied Econometrics},
  shortjournal = {J of Applied Econometrics},
  volume = {38},
  number = {5},
  pages = {695--713},
  issn = {0883-7252, 1099-1255},
  doi = {10.1002/jae.2971},
  langid = {english},
  file = {/home/avila/Zotero/storage/JVZDPVUP/Schmidheiny and Siegloch - 2023 - On event studies and distributed‐lags in two‐way f.pdf}
}
% == BibLateX quality report for schmidheiny.siegloch2023event:
% 'issn': not a valid ISSN
% ? unused Library catalog ("DOI.org (Crossref)")
% ? unused Url ("https://onlinelibrary.wiley.com/doi/10.1002/jae.2971")

@inproceedings{schupp2005befragungsgestuetzte,
  title = {Befragungsgestützte Messung von Gesundheit Bestandsaufnahme und Ausblick},
  author = {Schupp, Jürgen and Grabka, Markus},
  date = {2005},
  pages = {114},
  publisher = {{DIW Berlin}},
  location = {{Berlin}},
  langid = {ngerman},
  keywords = {diw,grabka,mcs,pca,pcs},
  file = {/home/avila/Zotero/storage/YRRP4KGM/Schupp_Grabka_2005_Befragungsgestützte.pdf}
}
% == BibLateX quality report for schupp2005befragungsgestuetzte:
% Missing required field 'booktitle'
% ? unused Library catalog ("Zotero")

@article{smith2007,
  title = {The {{Impact}} of {{Socioeconomic Status}} on {{Health}} over the {{Life-Course}}},
  author = {Smith, James P.},
  date = {2007-02-10},
  journaltitle = {Journal of Human Resources},
  shortjournal = {J. Human Resources},
  volume = {XLII},
  number = {4},
  pages = {739--764},
  publisher = {{University of Wisconsin Press}},
  issn = {0022-166X, 1548-8004},
  doi = {10.3368/jhr.XLII.4.739},
  langid = {english},
  annotation = {140 citations (Crossref) [2021-09-04]},
  file = {/home/avila/Zotero/storage/ZXY7NVDE/Smith_2007_The_Impact_of_Socioeconomic_Status_on_Health_over_the_Life-Course.pdf;/home/avila/Zotero/storage/EP3UKQIG/739.html}
}
% == BibLateX quality report for smith2007:
% Unexpected field 'publisher'
% 'issn': not a valid ISSN
% ? Title looks like it was stored in title-case in Zotero
% ? unused Library catalog ("jhr.uwpress.org")

@software{statacorp.2023stata,
  title = {Stata {{Statistical Software}}},
  author = {{StataCorp.}},
  date = {2023},
  location = {{College Station, TX}},
  organization = {{StataCorp LLC.}},
  version = {Release 18},
  keywords = {software}
}
% == BibLateX quality report for statacorp.2023stata:
% ? Title looks like it was stored in title-case in Zotero

@article{steffen2020,
  title = {Trends in Prevalence of Depression in {{Germany}} between 2009 and 2017 Based on Nationwide Ambulatory Claims Data},
  author = {Steffen, Annika and Thom, Julia and Jacobi, Frank and Holstiege, Jakob and Bätzing, Jörg},
  date = {2020-06-15},
  journaltitle = {Journal of Affective Disorders},
  shortjournal = {Journal of Affective Disorders},
  volume = {271},
  pages = {239--247},
  issn = {0165-0327},
  doi = {10.1016/j.jad.2020.03.082},
  langid = {english},
  annotation = {6 citations (Crossref) [2021-10-17]},
  file = {/home/avila/Zotero/storage/ICE6VPXG/S0165032719325716.html}
}
% == BibLateX quality report for steffen2020:
% ? unused Library catalog ("ScienceDirect")

@article{sun.abraham2021estimating,
  title = {Estimating Dynamic Treatment Effects in Event Studies with Heterogeneous Treatment Effects},
  author = {Sun, Liyang and Abraham, Sarah},
  date = {2021-12-01},
  journaltitle = {Journal of Econometrics},
  shortjournal = {Journal of Econometrics},
  series = {Themed {{Issue}}: {{Treatment Effect}} 1},
  volume = {225},
  number = {2},
  pages = {175--199},
  issn = {0304-4076},
  doi = {10.1016/j.jeconom.2020.09.006},
  keywords = {Difference-in-differences,Pretrend test,Two-way fixed effects},
  file = {/home/avila/Zotero/storage/QDNVWTWD/Sun and Abraham - 2021 - Estimating dynamic treatment e.pdf}
}
% == BibLateX quality report for sun.abraham2021estimating:
% ? unused Library catalog ("ScienceDirect")
% ? unused Url ("https://www.sciencedirect.com/science/article/pii/S030440762030378X")

@article{taft.etal2001sf36,
  title = {Do {{SF-36 Summary Component Scores Accurately Summarize Subscale Scores}}?},
  author = {Taft, Charles and Karlsson, Jan and Sullivan, Marianne},
  date = {2001},
  journaltitle = {Quality of Life Research},
  shortjournal = {Qual. Life Res.},
  volume = {10},
  number = {5},
  eprint = {4037512},
  eprinttype = {jstor},
  pages = {395--404},
  url = {http://www.jstor.org/stable/4037512},
  langid = {english},
  file = {/home/avila/Zotero/storage/A66KZTWD/Taft et al. - 2001 - Do SF-36 Summary Component Scores Accurately Summa.pdf}
}
% == BibLateX quality report for taft.etal2001sf36:
% ? Title looks like it was stored in title-case in Zotero
% ? unused Library catalog ("Zotero")

@article{tennant2022,
  title = {Analyses of ‘Change Scores’ Do Not Estimate Causal Effects in Observational Data},
  author = {Tennant, Peter W G and Arnold, Kellyn F and Ellison, George T H and Gilthorpe, Mark S},
  date = {2022-10-01},
  journaltitle = {International Journal of Epidemiology},
  shortjournal = {International Journal of Epidemiology},
  volume = {51},
  number = {5},
  pages = {1604--1615},
  issn = {0300-5771},
  doi = {10.1093/ije/dyab050},
  file = {/home/avila/Zotero/storage/CAHUZ2PM/Tennant et al. - 2022 - Analyses of ‘change scores’ do.pdf}
}
% == BibLateX quality report for tennant2022:
% ? unused Library catalog ("Silverchair")
% ? unused Url ("https://doi.org/10.1093/ije/dyab050")

@online{ttnphns2012answer,
  title = {Answer to "{{How}} Does Centering the Data Get Rid of the Intercept in Regression and {{PCA}}?"},
  shorttitle = {Answer to "{{How}} Does Centering the Data Get Rid of the Intercept in Regression and {{PCA}}?},
  author = {{ttnphns}},
  date = {2012-02-06},
  url = {https://stats.stackexchange.com/a/22331},
  urldate = {2023-12-13},
  organization = {{Cross Validated}},
  file = {/home/avila/Zotero/storage/MJH5JX42/22331.html}
}

@online{ttnphns2013answer,
  title = {Answer to "{{PCA}} Scores in a for Portfolio Replication Task: Stumble over Mean-Centering Question"},
  shorttitle = {Answer to "{{PCA}} Scores in a for Portfolio Replication Task},
  author = {{ttnphns}},
  date = {2013-10-21},
  url = {https://stats.stackexchange.com/a/73380},
  urldate = {2023-12-13},
  organization = {{Cross Validated}},
  file = {/home/avila/Zotero/storage/BCK3332G/pca-scores-in-a-for-portfolio-replication-task-stumble-over-mean-centering-ques.html}
}

@online{ttnphns2014answer,
  title = {Answer to "{{Methods}} to Compute Factor Scores, and What Is the "Score Coefficient" Matrix in {{PCA}} or Factor Analysis?"},
  shorttitle = {Answer to "{{Methods}} to Compute Factor Scores, and What Is the "Score Coefficient" Matrix in {{PCA}} or Factor Analysis?},
  author = {{ttnphns}},
  date = {2014-12-07},
  url = {https://stats.stackexchange.com/a/126985},
  urldate = {2023-12-13},
  organization = {{Cross Validated}},
  file = {/home/avila/Zotero/storage/I6BKFGX9/methods-to-compute-factor-scores-and-what-is-the-score-coefficient-matrix-in.html}
}

@article{tucker.etal2013observed,
  title = {Observed {{Agreement Problems}} between {{Sub-Scales}} and {{Summary Components}} of the {{SF-36 Version}} 2 - {{An Alternative Scoring Method Can Correct}} the {{Problem}}},
  author = {Tucker, Graeme and Adams, Robert and Wilson, David},
  date = {2013-04-12},
  journaltitle = {PLOS ONE},
  shortjournal = {PLOS ONE},
  volume = {8},
  number = {4},
  pages = {e61191},
  publisher = {{Public Library of Science}},
  issn = {1932-6203},
  doi = {10.1371/journal.pone.0061191},
  langid = {english},
  keywords = {Body weight,Emotions,Factor analysis,Mental health and psychiatry,Pain,Plants,Skewness,United States},
  file = {/home/avila/Zotero/storage/Y7835EDB/Tucker et al. - 2013 - Observed Agreement Problems be.pdf}
}
% == BibLateX quality report for tucker.etal2013observed:
% Unexpected field 'publisher'
% ? Title looks like it was stored in title-case in Zotero
% ? unused Library catalog ("PLoS Journals")
% ? unused Url ("https://journals.plos.org/plosone/article?id=10.1371/journal.pone.0061191")

@article{verboon.pat-el2022clustering,
  title = {Clustering {{Longitudinal Data Using R}}: {{A Monte Carlo Study}}},
  shorttitle = {Clustering {{Longitudinal Data Using R}}},
  author = {Verboon, Peter and Pat-El, Ron},
  date = {2022-06-30},
  journaltitle = {Methodology},
  volume = {18},
  number = {2},
  pages = {144--163},
  issn = {1614-2241},
  doi = {10.5964/meth.7143},
  issue = {2},
  langid = {english},
  keywords = {change,clustering,k-means,kml,latent class,longitudinal,mixture model,Monte Carlo,R,trajectories},
  file = {/home/avila/Zotero/storage/N4CHW5ED/Verboon and Pat-El - 2022 - Clustering Longitudinal Data U.pdf}
}
% == BibLateX quality report for verboon.pat-el2022clustering:
% ? Title looks like it was stored in title-case in Zotero
% ? unused Library catalog ("meth.psychopen.eu")
% ? unused Url ("https://meth.psychopen.eu/index.php/meth/article/view/7143")

@article{vilagut.etal2013mental,
  title = {The {{Mental Component}} of the {{Short-Form}} 12 {{Health Survey}} ({{SF-12}}) as a {{Measure}} of {{Depressive Disorders}} in the {{General Population}}: {{Results}} with {{Three Alternative Scoring Methods}}},
  shorttitle = {The {{Mental Component}} of the {{Short-Form}} 12 {{Health Survey}} ({{SF-12}}) as a {{Measure}} of {{Depressive Disorders}} in the {{General Population}}},
  author = {Vilagut, Gemma and Forero, Carlos G. and Pinto-Meza, Alejandra and Haro, Josep M. and family=Graaf, given=Ron, prefix=de, useprefix=true and Bruffaerts, Ronny and Kovess, Viviane and family=Girolamo, given=Giovanni, prefix=de, useprefix=true and Matschinger, Herbert and Ferrer, Montserrat and Alonso, Jordi},
  date = {2013-06-01},
  journaltitle = {Value in Health},
  shortjournal = {Value in Health},
  volume = {16},
  number = {4},
  pages = {564--573},
  issn = {1098-3015},
  doi = {10.1016/j.jval.2013.01.006},
  keywords = {depressive disorders,diagnostic accuracy,health-related quality-of-life,mental disorders,mental health screeming,screening,SF-12},
  file = {/home/avila/Zotero/storage/WTPWWTAQ/Vilagut et al. - 2013 - The Mental Component of the Short-Form 12 Health S.pdf}
}
% == BibLateX quality report for vilagut.etal2013mental:
% ? Title looks like it was stored in title-case in Zotero
% ? unused Library catalog ("ScienceDirect")
% ? unused Url ("https://www.sciencedirect.com/science/article/pii/S1098301513000168")

@book{ware.etal1995how,
  title = {How to Score the {{SF-12}} Physical \& Mental Health Summary Scales},
  author = {Ware, John E. and Kosinski, Mark and Keller, Susan D.},
  date = {1995-12},
  edition = {Second Edition},
  publisher = {{The Health Institute, New England Medical Center}},
  location = {{Boston, MA}},
  pagetotal = {96},
  keywords = {tw},
  file = {/home/avila/Zotero/storage/6I7VYSAA/Wareetal_HowtoScoreSF-12PhysicalMentalHealthSummaryScales_1996-1.pdf}
}

@article{ware.etal199612item,
  title = {A 12-{{Item Short-Form Health Survey}}: {{Construction}} of {{Scales}} and {{Preliminary Tests}} of {{Reliability}} and {{Validity}}},
  shorttitle = {A 12-{{Item Short-Form Health Survey}}},
  author = {Ware, John E. and Kosinski, Mark and Keller, Susan D.},
  date = {1996-03},
  journaltitle = {Medical Care},
  shortjournal = {Medical Care},
  volume = {34},
  number = {3},
  pages = {220--233},
  issn = {0025-7079},
  doi = {10.1097/00005650-199603000-00003},
  langid = {english},
  file = {/home/avila/Zotero/storage/7LT6XHK3/Ware_et_al_1996_A_12-Item_Short-Form_Health_Survey.pdf}
}
% == BibLateX quality report for ware.etal199612item:
% ? Title looks like it was stored in title-case in Zotero
% ? unused Library catalog ("DOI.org (Crossref)")
% ? unused Url ("http://journals.lww.com/00005650-199603000-00003")

@book{ware.etal2002how,
  title = {How to {{Score Version}} 2 of the {{SF-12 Health Survey}} (with a Supplement Documenting {{Version}} 1)},
  author = {Ware, John E and {Kosinski, Mark} and {Turner-Bowker, Diane} and {Gandek, Barbara}},
  date = {2002},
  publisher = {{Qualitymetric Incorporated.}},
  location = {{Lincoln, RI}}
}

@article{ware2000sf36,
  title = {{{SF-36 Health Survey Update}}:},
  shorttitle = {{{SF-36 Health Survey Update}}},
  author = {Ware, John E.},
  date = {2000-12},
  journaltitle = {Spine},
  shortjournal = {Spine},
  volume = {25},
  number = {24},
  pages = {3130--3139},
  issn = {0362-2436},
  doi = {10.1097/00007632-200012150-00008},
  langid = {english},
  file = {/home/avila/Zotero/storage/8PQBCJCQ/Ware - 2000 - SF-36 Health Survey Update.pdf}
}
% == BibLateX quality report for ware2000sf36:
% ? Title looks like it was stored in title-case in Zotero
% ? unused Library catalog ("DOI.org (Crossref)")
% ? unused Url ("http://journals.lww.com/00007632-200012150-00008")

@article{ware2001b,
  title = {Interpreting {{SF-36}} Summary Health Measures: {{A}} Response},
  author = {Ware, John E. and Kosinski, Mark},
  date = {2001},
  journaltitle = {Quality of Life Research},
  shortjournal = {Qual. Life Res.},
  volume = {10},
  pages = {405--413},
  langid = {english},
  file = {/home/avila/Zotero/storage/AXZDCTBV/Ware and Kosinski - Interpreting SF-36 summary health measures A resp.pdf}
}
% == BibLateX quality report for ware2001b:
% ? unused Library catalog ("Zotero")

@article{ware2001interpreting,
  title = {Interpreting {{SF-36}} Summary Health Measures: A Response},
  shorttitle = {Interpreting {{SF-36}} Summary Health Measures},
  author = {Ware, J. E. and Kosinski, M.},
  date = {2001},
  journaltitle = {Quality of Life Research: An International Journal of Quality of Life Aspects of Treatment, Care and Rehabilitation},
  shortjournal = {Qual Life Res},
  volume = {10},
  number = {5},
  eprint = {11763203},
  eprinttype = {pmid},
  pages = {405-413; discussion 415-420},
  issn = {0962-9343},
  doi = {10.1023/a:1012588218728},
  langid = {english},
  keywords = {{Factor Analysis, Statistical},Health Status Indicators,Humans,Psychometrics,Quality of Life,Surveys and Questionnaires,Sweden,United States},
  file = {/home/avila/Zotero/storage/P625TDMA/Ware and Kosinski - 2001 - Interpreting SF-36 summary health measures a resp.pdf}
}
% == BibLateX quality report for ware2001interpreting:
% ? unused Library catalog ("PubMed")

@article{widaman1993common,
  title = {Common Factor Analysis versus Principal Component Analysis: {{Differential}} Bias in Representing Model Parameters?},
  shorttitle = {Common Factor Analysis versus Principal Component Analysis},
  author = {Widaman, Keith F.},
  date = {1993},
  journaltitle = {Multivariate Behavioral Research},
  shortjournal = {Multivar. Behav. Res.},
  volume = {28},
  number = {3},
  pages = {263--311},
  publisher = {{Lawrence Erlbaum}},
  location = {{US}},
  issn = {1532-7906},
  doi = {10.1207/s15327906mbr2803_1},
  keywords = {Common Factors,Experimental Replication,Factor Analysis,Principal Component Analysis,Statistical Sample Parameters},
  file = {/home/avila/Zotero/storage/3BF9HU3X/Widaman - 1993 - Common factor analysis versus .pdf}
}
% == BibLateX quality report for widaman1993common:
% Unexpected field 'publisher'
% Unexpected field 'location'
% ? unused Library catalog ("APA PsycNet")

@article{williams2016understanding,
  title = {Understanding and Interpreting Generalized Ordered Logit Models},
  author = {Williams, Richard},
  date = {2016-01-02},
  journaltitle = {The Journal of Mathematical Sociology},
  shortjournal = {The Journal of Mathematical Sociology},
  volume = {40},
  number = {1},
  pages = {7--20},
  issn = {0022-250X, 1545-5874},
  doi = {10.1080/0022250X.2015.1112384},
  langid = {english},
  file = {/home/avila/Zotero/storage/AVS9L9VN/Williams - 2016 - Understanding and interpreting generalized ordered.pdf}
}
% == BibLateX quality report for williams2016understanding:
% 'issn': not a valid ISSN
% ? unused Library catalog ("DOI.org (Crossref)")
% ? unused Url ("http://www.tandfonline.com/doi/full/10.1080/0022250X.2015.1112384")

@article{wilson.etal2000sf36,
  title = {The {{SF-36}} Summary Scales: {{Problems}} and Solutions},
  shorttitle = {The {{SF-36}} Summary Scales},
  author = {Wilson, David and Parsons, Jacqueline and Tucker, Graeme},
  date = {2000-11-01},
  journaltitle = {Sozial- und Präventivmedizin},
  shortjournal = {Soz Präventivmed},
  volume = {45},
  number = {6},
  pages = {239--246},
  issn = {1420-911X},
  doi = {10.1007/BF01591686},
  langid = {english},
  keywords = {Confirmatory Factor Analysis,Mental Component Summary,Physical Component Summary,Physical Component Summary Score,Principle Component Analysis},
  file = {/home/avila/Zotero/storage/HW89RWA2/Wilson et al. - 2000 - The SF-36 summary scales Prob.pdf}
}
% == BibLateX quality report for wilson.etal2000sf36:
% ? unused Library catalog ("Springer Link")
% ? unused Url ("https://doi.org/10.1007/BF01591686")

@article{wooldridge2005,
  title = {Simple Solutions to the Initial Conditions Problem in Dynamic, Nonlinear Panel Data Models with Unobserved Heterogeneity},
  author = {Wooldridge, Jeffrey M.},
  date = {2005-01},
  journaltitle = {Journal of Applied Econometrics},
  shortjournal = {J. Appl. Econ.},
  volume = {20},
  number = {1},
  pages = {39--54},
  issn = {0883-7252, 1099-1255},
  doi = {10.1002/jae.770},
  langid = {english}
}
% == BibLateX quality report for wooldridge2005:
% 'issn': not a valid ISSN
% ? unused Library catalog ("DOI.org (Crossref)")
% ? unused Url ("https://onlinelibrary.wiley.com/doi/10.1002/jae.770")

@online{wooldridge2021twoway,
  type = {SSRN Scholarly Paper},
  title = {Two-{{Way Fixed Effects}}, the {{Two-Way Mundlak Regression}}, and {{Difference-in-Differences Estimators}}},
  author = {Wooldridge, Jeffrey M.},
  date = {2021-08-17},
  number = {3906345},
  location = {{Rochester, NY}},
  doi = {10.2139/ssrn.3906345},
  langid = {english},
  pubstate = {preprint},
  keywords = {correlated random effects,difference-in-differences,fixed effects,panel data},
  file = {/home/avila/Zotero/storage/RNEJT2B5/Wooldridge - 2021 - Two-Way Fixed Effects, the Two.pdf}
}
% == BibLateX quality report for wooldridge2021twoway:
% Unexpected field 'type'
% Unexpected field 'number'
% Unexpected field 'location'
% ? Title looks like it was stored in title-case in Zotero
% ? unused Library catalog ("Social Science Research Network")
% ? unused Url ("https://papers.ssrn.com/abstract=3906345")

@article{woolf,
  title = {How {{Are Income}} and {{Wealth Linked}} to {{Health}} and {{Longevity}}?},
  author = {Woolf, Steven H},
  pages = {22},
  langid = {english},
  file = {/home/avila/Zotero/storage/HFHLC836/Woolf - How Are Income and Wealth Linked to Health and Lon.pdf}
}
% == BibLateX quality report for woolf:
% Exactly one of 'date' / 'year' must be present
% Missing required field 'journaltitle'
% ? Title looks like it was stored in title-case in Zotero
% ? unused Library catalog ("Zotero")

@book{worldhealthorganization2014social,
  title = {Social Determinants of Mental Health},
  author = {{World Health Organization}},
  date = {2014},
  publisher = {{World Health Organization}},
  location = {{Geneva}},
  url = {https://iris.who.int/handle/10665/112828},
  urldate = {2024-02-04},
  isbn = {978-92-4-150680-9},
  langid = {english},
  pagetotal = {52},
  keywords = {Mental Disorders,Mental Health,prevention and control,Socioeconomic Factors}
}
% == BibLateX quality report for worldhealthorganization2014social:
% ? unused Library catalog ("WHO IRIS")
% ? unused Section ("The Italian version published by the DoRS Centro Regionale di Documentazione per la Promozione della Salute")

@article{ziebarth2009,
  title = {Measurement of {{Health}}, the {{Sensitivity}} of the {{Concentration Index}}, and {{Reporting Heterogeneity}}},
  author = {Ziebarth, Nicolas R.},
  date = {2009},
  journaltitle = {SSRN Electronic Journal},
  shortjournal = {SSRN Journal},
  issn = {1556-5068},
  doi = {10.2139/ssrn.1441948},
  langid = {english},
  file = {/home/avila/Zotero/storage/AI6MU99E/Ziebarth_2009_Measurement_of_Health,_the_Sensitivity_of_the_Concentration_Index,_and.pdf}
}
% == BibLateX quality report for ziebarth2009:
% ? Title looks like it was stored in title-case in Zotero
% ? unused Library catalog ("DOI.org (Crossref)")
% ? unused Url ("http://www.ssrn.com/abstract=1441948")

@article{ziebarth2010measurement,
  title = {Measurement of Health, Health Inequality, and Reporting Heterogeneity},
  author = {Ziebarth, Nicolas},
  date = {2010-07-01},
  journaltitle = {Social Science \& Medicine},
  shortjournal = {Social Science \& Medicine},
  volume = {71},
  number = {1},
  pages = {116--124},
  issn = {0277-9536},
  doi = {10.1016/j.socscimed.2010.03.016},
  langid = {english},
  keywords = {Concentration index,German Socio -Economic Panel Study (SOEP),Germany,Grip strength,Health measures,Income-related health inequality,Reporting heterogeneity,SF12},
  file = {/home/avila/Zotero/storage/IT67F4GH/Ziebarth - 2010 - Measurement of health, health inequality, and repo.pdf;/home/avila/Zotero/storage/W25DLGTT/S0277953610002431.html}
}
% == BibLateX quality report for ziebarth2010measurement:
% ? unused Library catalog ("ScienceDirect")
% ? unused Url ("https://www.sciencedirect.com/science/article/pii/S0277953610002431")
