@article{allison1990,
  title = {Change {{Scores}} as {{Dependent Variables}} in {{Regression Analysis}}},
  author = {Allison, Paul D.},
  date = {1990},
  journaltitle = {Sociological Methodology},
  shortjournal = {Sociol. Methodol.},
  volume = {20},
  eprint = {271083},
  eprinttype = {jstor},
  pages = {93--114},
  publisher = {{[American Sociological Association, Wiley, Sage Publications, Inc.]}},
  issn = {0081-1750},
  doi = {10.2307/271083},
  url = {https://www.jstor.org/stable/271083},
  urldate = {2023-08-25}
}

@article{lord1967,
  title = {A Paradox in the Interpretation of Group Comparisons},
  author = {Lord, Frederic M.},
  date = {1967},
  journaltitle = {Psychological Bulletin},
  shortjournal = {Psychol. Bull.},
  volume = {68},
  number = {5},
  pages = {304--305},
  publisher = {{American Psychological Association}},
  location = {{US}},
  issn = {1939-1455},
  doi = {10.1037/h0025105},
  keywords = {Collective Behavior,Group Dynamics,Group Problem Solving,Methodology,Population (Statistics),Racial and Ethnic Groups,Social Groups,Statistical Analysis,Statistical Correlation,Statistical Reliability,Statistical Validity,Statistical Variables},
  file = {/home/avila/Zotero/storage/GIPP39E9/1968-01382-001.html}
}

@article{vilagut2013,
  title = {The {{Mental Component}} of the {{Short-Form}} 12 {{Health Survey}} ({{SF-12}}) as a {{Measure}} of {{Depressive Disorders}} in the {{General Population}}: {{Results}} with {{Three Alternative Scoring Methods}}},
  shorttitle = {The {{Mental Component}} of the {{Short-Form}} 12 {{Health Survey}} ({{SF-12}}) as a {{Measure}} of {{Depressive Disorders}} in the {{General Population}}},
  author = {Vilagut, Gemma and Forero, Carlos G. and Pinto-Meza, Alejandra and Haro, Josep M. and family=Graaf, given=Ron, prefix=de, useprefix=true and Bruffaerts, Ronny and Kovess, Viviane and family=Girolamo, given=Giovanni, prefix=de, useprefix=true and Matschinger, Herbert and Ferrer, Montserrat and Alonso, Jordi},
  date = {2013-06-01},
  journaltitle = {Value in Health},
  shortjournal = {Value in Health},
  volume = {16},
  number = {4},
  pages = {564--573},
  issn = {1098-3015},
  doi = {10.1016/j.jval.2013.01.006},
  url = {https://www.sciencedirect.com/science/article/pii/S1098301513000168},
  urldate = {2023-09-07}
}


@online{ding2019bracketing,
  title = {A Bracketing Relationship between Difference-in-Differences and Lagged-Dependent-Variable Adjustment},
  author = {Ding, Peng and Li, Fan},
  date = {2019-06-21},
  eprint = {1903.06286},
  eprinttype = {arxiv},
  eprintclass = {stat},
  url = {http://arxiv.org/abs/1903.06286},
  urldate = {2023-11-30},
  pubstate = {preprint},
  keywords = {Statistics - Applications,Statistics - Methodology},
  file = {/home/avila/Zotero/storage/HBKFWH9F/Ding and Li - 2019 - A bracketing relationship between difference-in-di.pdf}
}
% == BibLateX quality report for ding2019bracketing:
% ? unused Number ("arXiv:1903.06286")


@book{ware1995how,
  title = {How to Score the {{SF-12}} Physical \& Mental Health Summary Scales},
  author = {Ware, John E. and Kosinski, Mark and Keller, Susan D.},
  date = {1995-12},
  edition = {Second Edition},
  publisher = {{The Health Institute, New England Medical Center}},
  location = {{Boston, MA}},
  pagetotal = {96},
  file = {/home/avila/Zotero/storage/6I7VYSAA/Wareetal_HowtoScoreSF-12PhysicalMentalHealthSummaryScales_1996-1.pdf}
}

@online{roth2023trending,
  title = {What's {{Trending}} in {{Difference-in-Differences}}? {{A Synthesis}} of the {{Recent Econometrics Literature}}},
  shorttitle = {What's {{Trending}} in {{Difference-in-Differences}}?},
  author = {Roth, Jonathan and Sant'Anna, Pedro H. C. and Bilinski, Alyssa and Poe, John},
  date = {2023-01-09},
  eprint = {2201.01194},
  eprinttype = {arxiv},
  eprintclass = {econ, stat},
  url = {http://arxiv.org/abs/2201.01194},
  urldate = {2023-12-12},
  pubstate = {preprint},
  keywords = {Economics - Econometrics,Statistics - Methodology},
  file = {/home/avila/Zotero/storage/WAZYMJN9/Roth et al. - 2023 - What's Trending in Difference-.pdf;/home/avila/Zotero/storage/YNAMPDUP/2201.html}
}
% == BibLateX quality report for roth2023what:
% ? Title looks like it was stored in title-case in Zotero
% ? unused Number ("arXiv:2201.01194")


@online{borusyaketal2022revisiting,
  type = {SSRN Scholarly Paper},
  title = {Revisiting {{Event Study Designs}}: {{Robust}} and {{Efficient Estimation}}},
  shorttitle = {Revisiting {{Event Study Designs}}},
  author = {Borusyak, Kirill and Jaravel, Xavier and Spiess, Jann},
  date = {2022-04-19},
  number = {2826228},
  location = {{Rochester, NY}},
  doi = {10.2139/ssrn.2826228},
  url = {https://papers.ssrn.com/abstract=2826228},
  urldate = {2023-12-12},
  langid = {english},
  pubstate = {preprint},
  keywords = {Difference-in-differences,Event study,Imputation estimator,Panel data},
  file = {/home/avila/Zotero/storage/JFBQEKCX/Borusyak et al. - 2022 - Revisiting Event Study Designs.pdf}
}

@article{cs2021did_mtp,
  title = {Difference-in-{{Differences}} with Multiple Time Periods},
  author = {Callaway, Brantly and Sant’Anna, Pedro H. C.},
  date = {2021-12-01},
  journaltitle = {Journal of Econometrics},
  shortjournal = {Journal of Econometrics},
  series = {Themed {{Issue}}: {{Treatment Effect}} 1},
  volume = {225},
  number = {2},
  pages = {200--230},
  issn = {0304-4076},
  doi = {10.1016/j.jeconom.2020.12.001},
  url = {https://www.sciencedirect.com/science/article/pii/S0304407620303948},
  urldate = {2021-11-01},
  langid = {english},
  keywords = {Difference-in-Differences,Doubly robust,Dynamic treatment effects,Event study,Semi-parametric,Treatment effect heterogeneity,Variation in treatment timing},
  annotation = {56 citations (Crossref) [2021-11-03]},
  file = {/home/avila/Zotero/storage/DHZTJPSC/Callaway and Sant’Anna - 2021 - Difference-in-Differences with multiple time perio.pdf}
}


